2790 3505
0 235 22 261 ’ν
0 156 30 228 ⁴:27⁷
0 37 35 148 ΤἛΞΞἙΣ
0 0 27 32 ,3³³

55 1160 59 1217 a*
56 1136 57 1139 „
55 1076 58 1121 A-,q
41 929 52 1024 ,Ἣ

201 831 417 897 Quibus
455 830 522 892 de
561 830 747 892 causis
783 830 967 891 Cicero
999 830 1129 904 post
1160 829 1337 891 libros
1373 829 1442 891 de
1475 828 1717 914 oratore
1732 826 1911 889 editos
1946 827 2118 888 etiam
2152 826 2449 896 ‚,Brutum“

935 926 1223 1001 scripserit
1261 927 1318 988 et
1355 925 1715 997 „Oratorem“.

399 1160 541 1201 Cicero
576 1172 699 1210 quum
728 1160 855 1199 Roma
889 1158 1028 1209 fugere
1065 1163 1243 1208 coactus,
1280 1159 1420 1223 domus
1448 1159 1602 1206 deleta,
1639 1170 1684 1198 re
1718 1157 1908 1198 familiari
1937 1159 2120 1209 privatus
2150 1164 2259 1200 esset
2266 1192 2277 1223 3
2314 1161 2448 1200 animo

201 1228 296 1267 erat
330 1223 495 1265 afflicto.
559 1223 616 1264 Ac
651 1234 893 1274 quamquam
927 1223 1162 1273 gravissima
1197 1223 1267 1263 illa
1300 1226 1486 1274 tempora
1519 1222 1634 1262 brevi
1669 1222 1903 1262 melioribus
1943 1223 2207 1264 mutabantur
2235 1225 2278 1264 et
2307 1222 2449 1264 Cicero

200 1290 258 1330 de
286 1288 531 1330 adversariis
565 1287 817 1338 triumphum
844 1298 969 1337 agens
996 1298 1101 1327 anno
1128 1287 1461 1338 quinquagesimo
1489 1287 1664 1337 septimo
1693 1288 1734 1326 in
1762 1287 1937 1337 patriam
1965 1287 2143 1337 redibat,
2180 1281 2319 1329 tamen
2347 1289 2449 1329 nihil

202 1355 287 1406 Jam
316 1352 480 1393 valebat
514 1352 556 1392 in
591 1351 730 1400 rebus,
767 1363 873 1402 quae
907 1351 958 1390 ad
991 1351 1284 1402 rempublicam
1315 1350 1591 1403 pertinebant.
1647 1350 1864 1401 Pompejus
1894 1351 2000 1391 enim
2030 1355 2073 1392 et
2100 1352 2251 1393 Caesar
2277 1365 2324 1393 re
2352 1365 2450 1393 vera

201 1419 287 1470 jam
322 1417 398 1458 soli
431 1415 657 1467 regnabant
690 1427 824 1466 neque
858 1415 1071 1456 liberatori
1105 1416 1265 1466 patriae
1298 1416 1409 1456 locus
1444 1415 1612 1455 relictus
1648 1418 1749 1455 erat.
1810 1415 1956 1465 Itaque
1986 1417 2072 1466 jam
2109 1429 2213 1457 anno
2249 1418 2448 1468 quinqua-

202 1482 358 1533 gesimo
386 1482 503 1520 sexto
531 1479 699 1520 ineunte
726 1477 875 1519 Cicero·
896 1479 937 1518 in
963 1479 1099 1519 villam
1127 1480 1389 1531 tranquillam
1417 1490 1462 1519 se
1489 1479 1658 1530 recepit.
1715 1478 1873 1519 Deinde
1897 1480 2122 1531 paullisper
2140 1492 2281 1522 rursus
2298 1481 2451 1522 Romae

206 1548 387 1586 moratus
428 1555 532 1584 anno
574 1544 906 1593 quinquagesimo
948 1544 1108 1593 quinto,
1152 1556 1275 1593 quum
1313 1543 1476 1584 comitia
1511 1542 1652 1582 habita
1688 1543 1993 1592 magistratibus
2031 1545 2216 1584 creandis
2250 1550 2451 1596 perpetuo

204 1608 583 1660 interpellarentur,
613 1606 747 1647 denuo
776 1607 817 1647 in
845 1606 982 1647 villam
1011 1618 1199 1648 reversus
1230 1610 1304 1657 est,
1333 1610 1380 1647 ut
1407 1607 1640 1647 litterarum
1669 1606 1814 1647 studiis
1842 1607 2019 1647 animum
2044 1609 2205 1649 tristem
2230 1614 2451 1651 recrearet.

208 1674 296 1722 Quo
324 1676 511 1724 tempore
546 1683 669 1722 quum
697 1683 722 1711 a
749 1671 872 1711 rebus
907 1671 1081 1722 publicis
1108 1674 1289 1712 remotus
1325 1674 1451 1720 esset,
1489 1673 1575 1711 tres
1603 1671 1694 1711 illos
1720 1670 1846 1711 libros
1875 1671 1926 1711 de
1954 1675 2134 1722 oratore,
2171 1685 2271 1724 opus
2299 1686 2453 1714 summo

207 1736 380 1777 artificio
414 1735 660 1787 perfectum,
698 1736 874 1786 scripsit.
930 1735 1015 1775 Hoc
1050 1747 1175 1785 opere
1204 1735 1245 1775 id
1273 1736 1529 1786 potissimum
1557 1735 1838 1774 demonstrare
1866 1736 2030 1775 volebat
2058 1748 2192 1787 neque
2220 1740 2453 1789 praeceptis

207 1801 417 1841 rhetorum
446 1798 694 1840 Graecorum
728 1811 862 1849 neque
892 1800 975 1839 solo
1004 1811 1080 1839 usu
1109 1800 1151 1839 in
1179 1798 1265 1839 foro
1294 1802 1366 1838 aut
1394 1800 1436 1838 in
1465 1798 1718 1838 contionibus
1748 1802 1819 1838 aut
1848 1800 1889 1838 in
1918 1804 2063 1840 senatu
2092 1812 2336 1851 quemquam
2364 1814 2453 1842 ora-

208 1867 339 1904 torem
368 1873 466 1903 vere
494 1861 723 1914 perfectum
751 1861 842 1902 fieri
871 1873 1002 1913 posse,
1032 1862 1104 1903 sed
1133 1863 1260 1902 multo
1288 1862 1443 1913 majora
1472 1862 1522 1910 ei,
1553 1862 1623 1912 qui
1651 1862 1746 1902 talis
1774 1866 1912 1903 orator
1940 1862 2030 1904 fieri
2059 1864 2196 1914 vellet,
2229 1876 2318 1905 esse
2347 1869 2453 1906 trac-

176 1928 345 1968 ,tanda.
415 1927 525 1978 Apte
567 1927 675 1966 enim
717 1926 1037 1977 conjungendam
1080 1938 1169 1966 esse
1211 1926 1434 1966 doctrinam
1475 1926 1708 1965 litterarum
1745 1925 1995 1966 Graecarum
2037 1928 2171 1968 studio
2212 1932 2371 1979 partam
2411 1934 2453 1969 et

209 1992 452 2044 sapientiam
486 1990 539 2031 ad
568 2002 706 2031 omnes
734 2002 801 2031 res
828 1991 1105 2042 pertinentem
1134 2002 1223 2031 cum
1253 1990 1488 2041 quotidiana
1517 1990 1823 2030 exercitatione.
1881 1990 1995 2032 Hanc
2024 1996 2163 2032 autem
2192 1994 2451 2041 sententiam,

208 2068 330 2107 quam
355 2056 407 2096 de
434 2056 535 2096 artis
562 2055 765 2095 oratoriae
791 2058 938 2095 natura
965 2059 1007 2095 et
1032 2055 1083 2095 de
1107 2055 1157 2095 iis
1182 2055 1315 2103 rebus,
1346 2066 1450 2105 quae
1470 2053 1653 2105 perfecto
1673 2055 1825 2094 oratori
1845 2059 1982 2095 essent
2001 2056 2231 2105 discendae,
2261 2057 2451 2105 habebat,

209 2124 255 2160 ut
282 2119 473 2160 Romanis
506 2118 719 2169 probaret,
757 2119 798 2158 in
834 2119 908 2159 hoc
944 2130 1069 2172 opere
1099 2117 1287 2159 Crassum
1321 2122 1363 2158 et
1391 2118 1627 2166 Antonium,
1664 2129 1764 2168 quos
1797 2130 1971 2159 summos
2006 2124 2189 2160 oratores
2224 2132 2314 2160 esse
2344 2123 2455 2160 inter

206 2195 348 2224 omnes
376 2182 599 2231 constabat,
630 2193 743 2221 suam
773 2183 900 2233 ipsius
929 2175 1174 2222 sententiam
1204 2182 1454 2233 explicantes
1483 2185 1525 2221 et
1554 2180 1794 2222 confitentes
1821 2181 1919 2222 fecit
1944 2194 1988 2223 se
2015 2195 2104 2222 eam
2131 2184 2261 2234 ipsam
2287 2184 2337 2224 ob
2365 2196 2453 2224 rem

206 2247 261 2288 ad
289 2258 486 2288 summam
514 2245 675 2287 dicendi
703 2245 997 2296 perfectionem
1026 2258 1105 2287 non
1133 2247 1387 2297 pervenisse,
1424 2245 1531 2296 quod
1559 2246 1639 2285 illis
1667 2246 1709 2285 in
1738 2246 1883 2287 studiis
1911 2258 1989 2286 non
2023 2248 2122 2287 satis
2157 2247 2379 2298 diligenter
2407 2260 2453 2288 ac

209 2311 293 2350 late
322 2311 475 2351 versati
504 2312 652 2350 essent.
710 2310 854 2350 Omnia
882 2313 1020 2350 autem
1048 2313 1282 2361 praecepta,
1313 2321 1418 2360 quae
1443 2308 1583 2350 Cicero
1612 2309 1653 2348 in
1682 2310 1763 2349 illis
1788 2310 1903 2350 libris
1928 2310 2066 2359 tradit,
2090 2310 2314 2352 manifeste
2338 2312 2456 2352 nobis

209 2373 402 2424 indicant,
440 2385 521 2425 qua
549 2374 613 2414 via
642 2374 730 2425 ipse
757 2374 852 2414 talis
880 2376 1028 2423 orator,
1066 2374 1197 2424 qualis
1225 2372 1362 2423 fuerit,
1400 2372 1531 2413 factus
1560 2373 1625 2413 sit.
1680 2374 1737 2414 Ac
1766 2375 1978 2414 materiam
2007 2375 2065 2414 ita
2093 2378 2259 2425 tractat,
2297 2379 2344 2416 ut
2372 2376 2456 2427 pri-

210 2450 320 2478 mum
345 2438 492 2488 quibus
516 2438 640 2478 rebus
664 2438 716 2477 ad
740 2450 884 2477 munus
909 2438 1082 2477 oratoris
1106 2449 1178 2477 nos
1203 2449 1451 2487 praeparare
1478 2437 1709 2485 debeamuS,
1740 2442 1931 2487 exponat,
1963 2438 2111 2478 deinde
2134 2439 2186 2479 de
2207 2440 2455 2489 inventione,

211 2501 488 2550 collocatione,
518 2502 714 2542 memoria
741 2502 942 2552 loquatur,
972 2504 1059 2540 tum
1089 2501 1358 2541 elocutionem
1386 2504 1510 2550 atque
1538 2500 1737 2540 actionem
1761 2502 1947 2551 attingat.
2003 2502 2068 2542 Ita
2094 2501 2238 2543 Cicero
2257 2504 2458 2545 Romanos

210 2565 396 2605 omnibus
424 2565 548 2605 rebus
577 2565 739 2605 dicendi
766 2564 957 2605 studiosis
984 2564 1225 2604 necessariis
1253 2563 1352 2603 satis
1380 2564 1642 2603 instruxerat.
1699 2563 1842 2614 Neque
1877 2568 2015 2605 tamen
2051 2566 2151 2606 satis
2178 2566 2356 2607 habebat
2385 2568 2457 2608 hos

211 2628 337 2668 libros
365 2630 594 2680 scripsisse,
631 2629 703 2669 sed
732 2630 872 2669 decem
901 2628 989 2668 fere
1024 2628 1138 2667 annis
1171 2631 1263 2678 post
1299 2628 1422 2667 etiam
1456 2627 1555 2666 duos
1588 2627 1731 2676 libros,
1768 2628 1942 2668 Brutum
1972 2633 2015 2669 et
2044 2631 2276 2680 Oratorem,
2315 2632 2456 2671 edidit.

212 2690 287 2732 His
322 2691 439 2733 libris
471 2693 571 2734 item
606 2705 674 2734 res
707 2693 757 2733 ad
792 2696 923 2733 artem
956 2691 1173 2732 oratoriam
1207 2691 1464 2742 pertinentes
1499 2691 1757 2731 continentur
1785 2704 1831 2732 ac
1860 2693 2001 2733 multis
2033 2694 2132 2734 locis
2166 2694 2309 2735 eadem
2338 2708 2458 2746 prae-

211 2758 333 2805 cepta
361 2767 466 2805 quae
494 2757 536 2796 in
564 2756 681 2797 libris
709 2757 760 2797 de
789 2760 950 2797 oratore
981 2755 1101 2796 editis
1130 2755 1402 2795 inveniuntur.
1460 2754 1614 2802 Quibus
1642 2759 1780 2795 autem
1809 2756 1861 2796 de
1889 2758 2021 2798 causis
2041 2757 2182 2798 Cicero
2211 2762 2304 2809 post
2332 2760 2459 2800 libros

209 2818 264 2858 de
293 2821 455 2860 oratore
484 2820 616 2861 editos
646 2822 770 2861 etiam
796 2821 969 2861 Brutum
998 2820 1207 2870 scripserit
1232 2822 1274 2858 et
1294 2818 1508 2858 Oratorem
1532 2818 1715 2858 breviter
1741 2831 1948 2869 exponere
1967 2822 2083 2861 nobis
2108 2823 2361 2872 propositum
2382 2829 2457 2863 est.

406 2882 542 2933 Atque
570 2884 612 2923 in
640 2884 769 2924 Bruto
799 2883 1012 2924 scribendo
1038 2882 1274 2923 Ciceronem
1302 2881 1344 2921 id
1369 2882 1622 2932 potissimum
1642 2886 1861 2933 spectasse,
1892 2887 1939 2923 ut
1957 2884 2168 2924 historiam
2188 2885 2460 2927 Romanorum

211 2945 474 2996 eloquentiae
515 2948 755 2997 aequalibus
796 2948 1025 2988 accuratius
1058 2947 1259 2995 traderet,
1302 2945 1497 2996 plurimos
1528 2946 1798 2986 Romanorum
1834 2951 2017 2988 oratores
2051 2952 2282 2999 temporum
2317 2950 2460 2991 ordine

208 3013 494 3059 enumeraret,
532 3021 671 3051 eorum
705 3012 880 3066 virtutes
914 3011 1112 3052 oratorias
1139 3009 1375 3051 ostenderet
1403 3009 1581 3060 quidque
1612 3021 1750 3050 eorum
1786 3012 1983 3062 cujusque
2011 3012 2221 3063 proprium
2251 3018 2361 3054 esset
2391 3026 2461 3054 ex-

2206 3089 2222 3119 1
