2790 3505
1274 168 1517 203 ...4—

262 294 563 335 Demosthenes
597 292 781 334 dicturus
817 296 942 340 esset,
978 303 1196 333 concursus
1229 292 1422 333 audiendi
1458 280 1579 333 causa
1615 302 1664 332 ex
1700 293 1788 331 tota
1816 289 1990 332 Graecia
2023 290 2161 333 fiebat.
2216 292 2271 333 At
2299 304 2423 344 quum
2451 292 2526 334 isti

263 359 391 398 Attici
416 358 570 406 dicunt,
600 369 680 397 non
706 355 824 396 modo
850 368 875 396 a
901 367 1059 404 corona,
1089 355 1162 395 sed
1190 357 1314 396 etiam
1340 356 1391 396 ab
1416 357 1622 397 advocatis
1646 355 1944 405 relinquuntur.
2001 354 2156 396 Horum
2181 357 2373 408 princeps
2395 368 2520 407 quum

264 427 375 463 esset
395 421 438 461 C.
459 421 641 462 Licinius
661 420 819 469 Calvus,
851 420 920 470 qui
950 431 999 459 ex
1020 418 1206 459 ommbus
1226 420 1522 470 pseudoatticis
1540 420 1715 460 maxime
1735 430 1760 459 a
1779 416 1986 459 Ciceronis
2004 417 2166 460 dicendi
2183 422 2344 462 ratione
2363 421 2525 462 alienus

265 490 366 535 erat,
405 486 513 526 hunc
542 485 797 536 potissimum
828 482 970 523 Cicero
999 483 1042 522 in
1069 482 1198 522 Bruto
1234 483 1550 533 impugnandum
1588 484 1666 524 sibi
1702 483 1857 533 deligit.
1912 482 1953 522 Is
1983 482 2044 522 vir
2071 494 2315 535 quamquam
2344 484 2526 525 scienter

263 552 559 601 eleganterque
588 547 749 588 dicendi
778 558 905 597 genus
933 546 1152 594 tractabat,
1182 546 1351 586 nimium
1379 550 1517 587 tamen
1546 547 1757 598 inquirens
1785 548 1826 586 in
1855 557 1899 586 se
1927 548 2052 596 atque
2080 547 2169 597 ipse
2188 558 2281 588 sese
2301 547 2522 588 observans

260 618 533 664 metuensque
566 624 618 652 ne
654 612 845 652 vitiosum
881 610 1111 660 colligeret,
1152 611 1276 650 etiam
1310 622 1452 651 verum
1487 611 1725 661 sanguinem
1760 610 2026 662 deperdebat.
2081 610 2228 661 Itaque
2264 611 2354 662 ejus
2389 611 2524 652 oratio

259 679 386 718 nimia
413 677 610 727 religione
640 678 857 716 attenuata
885 675 1016 715 doctis
1052 679 1094 714 et
1131 678 1292 715 attente
1322 674 1582 715 audientibus
1612 678 1702 714 erat
1730 675 1920 724 illustris,
1956 687 1980 715 a
2008 674 2270 715 multitudine
2304 678 2443 716 autem
2474 678 2515 715 et

259 754 284 782 a
313 742 418 788 foro,
453 742 518 781 cui
547 743 645 780 nata
674 739 911 790 eloquentia
940 742 1021 787 est,
1062 739 1346 779 devorabatur.
1406 738 1487 779 Sed
1516 751 1638 789 quum
1667 741 1839 789 propter
1867 738 2071 779 scribendi
2106 750 2233 789 genus
2260 739 2515 789 potissimum

258 805 533 857 pseudoattici
562 804 801 844 Ciceronem
830 802 1202 853 reprehenderent,
1238 803 1303 842 hic
1331 803 1656 842 adversariorum
1685 802 1855 842 crimina
1883 814 1933 843 ea
1960 814 2006 842 re
2035 802 2194 842 diluere
2222 802 2374 853 studet,
2408 802 2514 853 quod

258 870 421 909 Atticus
464 872 507 909 et
549 869 703 908 Brutus
746 867 984 906 Ciceronem
1022 865 1168 905 Latine
1210 866 1415 906 scribendi
1456 866 1681 916 principem
1725 877 1815 906 esse
1857 869 1983 916 atque
2025 868 2277 907 inventorem
2319 866 2516 906 sermonis

258 933 462 983 praeclari
492 935 617 982 atque
647 930 940 981 elegantissimi
968 930 1074 969 bene
1104 929 1155 968 de
1184 930 1325 979 populi
1344 930 1514 969 Romani
1542 930 1704 969 nomine
1733 941 1778 969 ac
1807 929 2009 979 dignitate
2036 930 2347 970 meritumesse
2373 928 2517 969 confir-

258 1000 383 1036 mant.
447 997 621 1038 Praeter
664 998 847 1035 oratores
883 996 1020 1033 autem
1058 991 1307 1033 Graecorum
1346 993 1531 1033 Ciceroni
1570 993 1840 1034 Romanorum
1876 996 2061 1033 oratores
2094 994 2331 1034 vetustioris
2366 994 2517 1033 aetatis

255 1061 348 1100 usui
382 1060 559 1100 fuerant.
623 1059 731 1107 Quos
767 1058 874 1108 quod
908 1069 1075 1108 prorsus
1111 1058 1387 1106 neglexerint,
1424 1057 1566 1097 Cicero
1600 1057 1894 1107 pseudoatticis
1928 1057 2028 1096 item
2062 1055 2222 1097 crimini
2256 1057 2394 1097 vertit.
2457 1057 2517 1096 Ac

257 1124 479 1175 praecipue
516 1134 605 1163 eam
641 1122 691 1162 ob
728 1133 815 1162 rem
851 1121 911 1161 illi
941 1119 1127 1161 Ciceroni
1161 1121 1422 1171 vituperandi
1455 1120 1663 1170 videntur,
1709 1121 1815 1171 quod
1852 1121 1933 1161 illis
1961 1119 2062 1160 Cato
2095 1120 2215 1171 plane
2250 1121 2413 1171 ignotus
2449 1120 2513 1167 sit,

255 1188 409 1236 quippe
445 1188 514 1235 qui
543 1186 765 1236 Hyperidis
802 1189 844 1225 et
872 1185 1019 1235 Lysiae
1054 1186 1107 1223 sit
1142 1185 1381 1223 simillimus.
1440 1185 1519 1232 Qui
1554 1185 1616 1223 vir
1651 1189 1740 1224 erat
1775 1185 1909 1234 gravis
1944 1185 1985 1223 in
2014 1184 2233 1232 laudando,
2268 1184 2441 1223 acerbus
2474 1184 2515 1223 in

254 1249 539 1300 vituperando,
570 1250 612 1289 in
641 1249 859 1289 sententiis
889 1251 1069 1298 argutus,
1101 1248 1142 1287 in
1174 1247 1352 1288 docendo
1382 1248 1726 1297 edisserendoque
1756 1247 1929 1288 subtilis.
1986 1246 2182 1287 Refertae
2202 1251 2296 1288 sunt
2316 1247 2407 1298 ejus
2425 1258 2515 1287 ora-

253 1315 387 1354 tiones
417 1316 459 1353 et
487 1312 624 1353 verbis
654 1315 696 1353 et
724 1312 848 1352 rebus
882 1311 1128 1360 illustribus3
1166 1311 1238 1351 sed
1267 1310 1432 1351 Catonis
1460 1311 1680 1351 luminibus
1708 1311 1913 1351 obstruxit
1941 1310 2212 1361 posteriorum
2246 1311 2361 1362 quasi
2393 1321 2513 1361 exag-

253 1381 396 1427 gerata
438 1377 562 1417 altius
602 1377 745 1416 oratio.
808 1375 950 1425 Lysias
989 1376 1154 1425 quidem
1198 1379 1240 1415 et
1274 1375 1506 1425 Hyperides
1548 1387 1572 1414 a
1611 1376 1821 1425 plerisque
1856 1375 2046 1414 Romanis
2086 1375 2346 1423 amabantur,
2390 1386 2513 1424 quum

252 1442 418 1492 penitus
447 1441 705 1491 ignoraretur
734 1439 847 1488 Cato,
878 1439 986 1490 quod
1015 1440 1287 1489 antiquiorem
1318 1451 1408 1480 esse
1437 1440 1547 1480 illius
1576 1450 1802 1479 sermonem
1833 1442 1875 1479 et
1904 1438 2103 1489 quaedam
2133 1438 2360 1479 horridiora
2387 1437 2514 1479 verba

252 1505 453 1546 dicerent.
509 1504 595 1544 Nec
624 1516 721 1544 vero
751 1505 792 1544 hi
820 1504 1123 1555 vituperatores
1151 1504 1185 1543 si
1215 1503 1332 1543 modo
1362 1503 1412 1543 ad
1439 1502 1604 1544 Catonis
1630 1505 1835 1544 orationes
1859 1503 2018 1543 numeri
2038 1502 2291 1543 adderentur
2308 1503 2513 1543 neminem

252 1569 399 1609 Catoni
429 1569 624 1619 anteponi
653 1580 772 1619 posse
803 1567 1100 1618 intelligebant.
1158 1568 1382 1607 Praeterea
1410 1571 1546 1607 autem
1573 1567 1673 1607 Cato
1704 1570 1794 1606 erat
1822 1567 2040 1606 distinctus
2068 1567 2109 1606 in
2134 1567 2350 1606 verborum
2370 1567 2514 1606 immu-

249 1633 476 1673 tationibus
506 1636 548 1673 et
577 1633 875 1673 sententiarum
905 1631 1182 1681 orationisque
1207 1630 1347 1671 formis
1370 1630 1544 1671 utendis.
1602 1630 1675 1671 His
1694 1634 1832 1671 autem
1852 1631 2037 1671 omnibus
2058 1630 2382 1671 adversariorum
2401 1630 2512 1671 vitiis

250 1696 393 1737 Cicero
422 1696 596 1748 putabat
624 1695 777 1736 factum
808 1707 916 1744 esse,
954 1697 1001 1734 ut
1029 1706 1108 1734 non
1139 1706 1227 1734 eam
1256 1694 1419 1735 laudem
1448 1695 1666 1735 oratoriam
1696 1695 1859 1745 assequi
1886 1697 2072 1745 possent,
2110 1706 2190 1745 qua
2222 1695 2311 1746 ipse
2339 1695 2510 1745 vigeret.

248 1762 337 1801 Illis
368 1763 476 1801 enim
505 1761 546 1800 id
576 1760 682 1810 quod
720 1760 872 1799 oratori
901 1759 1077 1798 maxime
1108 1762 1218 1799 esset
1246 1759 1490 1809 cupiendum
1525 1760 1765 1810 popularem
1801 1758 2138 1809 approbationem
2173 1758 2319 1799 deesse
2348 1758 2513 1798 demon-

249 1825 421 1866 strabat.
488 1824 614 1875 Cujus
649 1824 893 1875 partiprem
932 1822 1023 1863 fieri
1062 1834 1172 1871 eum,
1218 1823 1287 1872 qui
1323 1823 1508 1863 oratione
1544 1824 1698 1863 animos
1733 1822 1987 1863 audientium
2020 1833 2280 1873 permovere,
2326 1822 2512 1869 incitare,

248 1889 432 1936 flectere,
462 1900 542 1928 non
571 1889 670 1928 item
701 1899 805 1935 eum,
837 1888 906 1936 qui
936 1886 1242 1926 multitudinem
1272 1887 1420 1926 docere
1450 1890 1609 1926 tantum
1636 1890 1788 1937 posset.
1845 1887 1903 1927 Ac
1932 1887 2028 1936 quia
2047 1885 2255 1926 Ciceronis
2283 1886 2508 1926 adversarii

247 1953 357 1992 illius
386 1952 551 1992 dicendi
580 1963 706 2002 genus
734 1950 997 1991 acerbissime
1025 1950 1329 2000 vituperabant,
1358 1950 1539 2000 graviter
1567 1949 1831 1990 confirmabat
1858 1950 2064 1990 orationes
2090 1961 2183 1990 suas
2203 1961 2227 1989 a
2246 1949 2510 1989 multitudine

245 2015 366 2055 valde
395 2014 575 2066 probari.
632 2014 764 2065 HuJus
793 2017 932 2054 autem
961 2013 1299 2064 approbationem
1325 2014 1480 2064 Judicio
1509 2014 1826 2064 intelligentium
1854 2013 1982 2053 multo
2012 2024 2056 2053 se
2084 2011 2298 2063 praeferre
2325 2011 2509 2053 confiteri

246 2092 325 2119 non
355 2079 586 2119 dubitabat.
644 2079 779 2128 Atque
808 2078 890 2117 tria
917 2079 1006 2126 illa,
1043 2089 1148 2127 quae
1177 2079 1362 2117 oratione
1393 2078 1609 2118 efficienda
1644 2079 1743 2127 sint,
1779 2081 1826 2117 ut
1853 2077 2069 2117 audientes
2097 2077 2338 2125 doceantur,
2375 2077 2510 2117 delec-

244 2147 406 2192 tentur,
445 2145 701 2191 moveantur,
740 2154 839 2193 quas
866 2153 934 2182 res
959 2142 1045 2192 jam
1074 2142 1114 2181 in
1144 2141 1260 2182 libris
1289 2141 1341 2182 de
1370 2145 1532 2182 oratore
1563 2142 1686 2182 editis
1715 2143 2118 2190 commemoraverat,
2155 2141 2281 2181 etiam
2308 2141 2350 2182 in
2379 2140 2509 2181 Bruto

247 2208 478 2247 accuratius
514 2206 778 2246 considerans
815 2207 981 2256 exponit
1018 2217 1128 2254 eum,
1168 2206 1238 2256 qui
1274 2207 1407 2246 tribus
1442 2207 1525 2246 illis
1560 2206 1683 2246 rebus
1718 2206 1794 2254 ita,
1834 2209 1880 2245 ut
1915 2206 2032 2253 velit,
2072 2204 2325 2245 audientium
2354 2205 2509 2244 animos

245 2275 418 2319 moveat,
450 2283 473 2310 a
502 2269 768 2310 multitudine
788 2270 952 2319 probari
972 2281 1140 2309 necesse
1162 2282 1264 2310 esse.
1321 2270 1631 2310 Multitudinem
1659 2271 1767 2310 enim
1792 2269 1889 2319 quid
1915 2270 2099 2309 oratione
2125 2267 2340 2317 efficiatur,
2370 2268 2516 2309 doctos

246 2347 318 2375 cur
355 2333 575 2382 efficiatur,
612 2333 860 2384 intelligere.
916 2333 963 2372 In
1000 2344 1140 2373 eorum
1175 2337 1314 2374 autem
1343 2345 1531 2382 numero,
1568 2335 1637 2384 qui
1667 2345 1691 2373 a
1719 2332 1915 2373 Cicerone
1948 2333 1990 2373 in
2019 2332 2191 2373 dicendo
2225 2332 2350 2372 alieni
2379 2335 2507 2381 erant,

246 2399 371 2438 etiam
410 2398 464 2437 M.
502 2398 651 2438 Junius
689 2396 844 2436 Brutus
886 2397 1141 2437 collocandus
1184 2401 1260 2438 est.
1326 2397 1404 2446 Qui
1447 2409 1690 2449 quamquam
1732 2397 1936 2437 artissimo
1978 2397 2183 2437 amicitiae
2219 2396 2380 2436 vinculo
2418 2407 2509 2435 cum

245 2461 443 2502 Cicerone
473 2465 563 2501 erat
592 2462 834 2512 conjunctus
865 2461 1088 2510 eademque
1117 2473 1222 2511 quae
1256 2462 1327 2501 ille
1357 2462 1408 2501 de
1437 2463 1487 2502 iis
1515 2462 1658 2510 rebus,
1694 2473 1800 2511 quae
1829 2461 1880 2501 ad
1909 2460 2202 2511 rempublicam
2230 2459 2511 2510 pertinebant,

245 2525 470 2574 sentiebat,
507 2528 645 2565 tamen
681 2525 803 2565 aliam
838 2523 1000 2564 dicendi
1035 2525 1235 2566 rationem
1272 2529 1397 2577 atque
1433 2525 1575 2566 Cicero
1612 2524 1874 2576 sequebatur.
1930 2524 2075 2576 Neque
2109 2524 2185 2564 hoc
2221 2523 2369 2564 mirum
2405 2525 2505 2572 erat,

244 2602 368 2640 quum
396 2590 509 2629 illius
537 2592 700 2629 acutum
729 2589 957 2639 ingenium,
995 2589 1151 2629 animus
1180 2588 1368 2640 frigidus,
1407 2591 1606 2629 severitas
1634 2601 1681 2629 ac
1709 2590 1888 2640 gravitas
1915 2589 2083 2639 propria
2112 2590 2271 2633 essent,
2308 2587 2373 2626 hic
2401 2587 2510 2636 cogi-

243 2654 412 2692 tationis
448 2653 576 2692 nimia
610 2652 784 2702 quadam
819 2653 1032 2699 ubertate,
1067 2653 1332 2692 humanitatis
1367 2665 1506 2701 sensu,
1544 2654 1677 2692 animo
1713 2654 1915 2692 concitato
1944 2655 2054 2692 esset
2088 2650 2315 2701 praeditus.
2370 2650 2509 2689 Nihilo

242 2720 382 2757 tamen
411 2717 545 2757 secius
572 2714 714 2756 Cicero
742 2717 783 2756 in
814 2727 862 2756 eo
891 2715 1010 2764 libro,
1041 2715 1092 2755 de
1121 2728 1198 2767 quo
1227 2717 1394 2768 agimus,
1424 2716 1543 2757 Bruti
1571 2717 1747 2756 virtutes
1775 2716 1975 2757 oratorias
2003 2714 2170 2755 summis
2194 2713 2382 2754 laudibus
2409 2711 2506 2754 effe-

242 2781 375 2829 rebat,
406 2782 504 2831 quin
534 2782 661 2820 etiam
682 2779 867 2820 Ciceroni
898 2783 990 2820 erat
1017 2791 1256 2830 persuasum
1286 2779 1468 2821 futurum
1499 2792 1588 2821 esse
1608 2785 1655 2820 ut
1674 2781 1793 2821 Bruti
1813 2781 1961 2820 merito
1979 2779 2251 2819 Romanorum
2272 2778 2506 2829 eloquentia

242 2845 419 2885 maxime
459 2845 636 2895 vigeret,
682 2844 716 2884 si
754 2844 1130 2894 pseudoatticorum
1164 2844 1325 2884 dicendi
1365 2846 1506 2895 generi
1542 2856 1587 2884 se
1625 2847 1852 2896 opponeret
1885 2846 2011 2894 atque
2045 2842 2097 2882 ad
2134 2840 2340 2883 Ciceronis
2378 2851 2507 2892 genus

243 2908 404 2949 dicendi
440 2910 609 2960 propius
643 2908 873 2949 accederet.
937 2909 1053 2949 Bene
1087 2911 1226 2948 autem
1260 2909 1312 2949 de
1346 2909 1475 2949 Bruto
1512 2921 1600 2949 eam
1637 2908 1687 2949 ob
1722 2920 1810 2949 rem
1847 2907 2125 2956 existimabat,
2167 2907 2273 2958 quod
2310 2908 2346 2946 is
2382 2916 2506 2956 quum

243 2974 478 3014 litterarum
507 2974 668 3024 peritus
696 2976 783 3013 tum
817 2973 970 3014 litteris
1000 2971 1170 3013 Graecis
1207 2974 1354 3013 eximie
1390 2974 1576 3014 eruditus
1606 2976 1707 3013 erat.
1763 2973 1910 3023 Itaque
1939 2970 2081 3012 Cicero
2110 2984 2233 3022 quum
2264 2970 2435 3011 Brutum
2462 2969 2506 3009 in

241 3040 452 3088 posterum
489 3038 599 3077 inter
633 3037 904 3077 Romanorum
941 3040 1126 3077 oratores
1162 3037 1389 3087 principem
1426 3048 1515 3077 esse
1549 3035 1732 3076 futurum
1763 3039 1961 3087 speraret,
1997 3036 2158 3085 librum,
2196 3046 2275 3086 quo
2304 3034 2356 3073 de
2385 3033 2510 3073 claris
