2790 3505
1220 144 1463 180 —3—

216 268 406 329 quisquis
439 273 503 314 est
529 269 613 318 ille,
648 269 684 326 si
710 268 829 310 modo
857 271 921 310 est
947 268 1108 321 aliquis,
1144 256 1215 321 qui
1241 280 1322 311 non
1349 269 1572 310 illustravit
1598 269 1727 318 modo,
1765 269 1837 310 sed
1865 271 1991 312 etiam
2017 273 2159 322 genuit
2186 273 2229 314 in
2255 272 2331 314 hac
2360 272 2465 314 urbe
2507 282 2511 286 ’

221 339 383 385 diffindi
409 335 580 388 copiam,
608 344 730 386 quam
757 333 830 381 illi,
858 334 930 385 qui
952 334 1148 385 Ligurum
1175 334 1346 376 castella
1373 338 1724 386 expugnaverunt:
1755 345 1805 375 ex
1832 334 1980 386 quibus
1997 337 2240 387 multisunt,
2269 342 2317 379 ut
2333 340 2461 387 seitiS,

218 403 458 454 triumphi-‘⁶
517 399 664 449 Neque
698 400 823 449 igitur
853 402 1012 440 temere
1044 400 1088 439 in
1120 399 1250 440 Bruto
1282 402 1472 440 accurate
1506 399 1691 450 exponit,
1728 411 1807 449 quo
1841 400 1959 441 modo
1994 401 2084 452 ipse
2117 402 2300 444 doctrina
2336 408 2463 455 atque

219 469 373 513 litteris
400 463 587 507 eruditus
613 463 680 506 sit.
736 463 1015 505 Vehementer
1041 463 1148 505 enim
1171 462 1354 516 optabat,
1383 466 1430 504 ut
1455 463 1648 515 aequales
1668 462 1811 504 eodem
1828 463 1947 505 modo
1965 464 2150 506 doctrina
2167 469 2292 518 atque
2310 468 2463 509 litteris

218 532 523 576 instruerentur
555 531 681 580 atque
714 529 774 568 ita
808 528 979 569 eandem
1013 528 1177 569 laudem
1203 529 1439 576 oratoriam,
1474 539 1595 579 quam
1628 529 1735 578 ipse,
1770 533 2099 579 assequerentur.
2155 531 2347 582 Reliquos
2381 532 2463 573 ire-

221 599 396 649 quenter
429 592 600 635 audiens
634 593 832 634 acerrimo
867 591 1002 633 studio
1036 591 1257 634 tenebatur
1290 591 1555 643 quotidieque
1591 595 1634 633 et
1668 591 1850 633 scribens
1879 596 1922 634 et
1950 594 2091 645 legens
2118 598 2161 635 et
2189 600 2463 637 commentans

216 657 409 701 oratoriis
434 656 983 699 tantumcxercitationibus
1009 659 1223 696 contentus
1247 667 1327 695 non
1354 659 1455 695 erat.
1510 656 1623 696 Juris
1649 659 1787 696 autem
1812 657 1941 697 civilis
1965 658 2101 697 studio
2122 659 2295 698 multum
2313 671 2463 709 operae

221 724 345 765 dabat
372 722 421 770 Q.
446 710 681 763 Scaevolae.
737 720 873 770 Atque
901 732 1023 770 quum
1052 720 1185 769 Philo,
1224 719 1414 771 princeps
1441 719 1705 770 Academiae,
1741 721 1893 761 Romae
1928 725 2165 763 versaretur
2192 726 2323 763 totum
2352 724 2392 764 ei
2419 723 2463 764 se

219 785 392 830 tradidit
419 783 650 826 admirabili
677 783 851 836 quodam
879 783 930 825 ad
958 784 1252 836 philosophiam
1280 782 1415 825 studio
1444 784 1679 833 concitatus,
1710 785 1751 825 in
1780 795 1859 835 quo
1888 784 1963 825 hoc
1991 786 2117 826 etiam
2143 786 2465 827 commorabatur

217 850 438 898 attentius,
481 849 589 899 quod
629 860 768 888 rerum
809 849 988 898 ipsarum
1029 850 1206 888 varietas
1247 853 1291 888 et
1331 849 1565 898 magnitudo
1602 861 1758 888 summa
1796 861 1889 888 eum
1931 850 2206 890 delectatione
2243 852 2463 891 retinebat.

219 913 373 956 Eodem
414 924 519 955 anno
556 911 708 954 Moloni
744 912 900 954 Rhodio
937 912 1088 954 Romae
1130 912 1245 954 dedit
1286 923 1452 964 operam
1489 916 1533 954 et
1570 913 1697 954 actori
1735 924 1889 954 summo
1927 925 2139 955 causarum
2178 917 2221 955 et
2258 915 2463 966 magistro.

218 979 353 1028 Quum
380 977 462 1019 illis
489 976 742 1028 temporibus
768 976 995 1028 principem
1022 977 1154 1016 locum
1181 976 1291 1016 inter
1318 979 1502 1016 oratores
1524 979 1701 1025 teneret,
1730 976 1872 1016 Cicero
1898 977 2042 1017 eodem
2067 989 2199 1026 cursu,
2230 989 2309 1028 quo
2329 983 2466 1019 orator

219 1045 309 1092 ille,
344 1044 407 1082 uti
443 1046 487 1083 et
522 1043 563 1082 in
597 1042 731 1092 spatio
765 1040 1029 1081 Hortensium
1065 1042 1155 1091 ejus
1187 1041 1371 1091 vestigiis
1403 1042 1595 1091 persequi
1628 1041 1802 1081 volebat.
1858 1042 2004 1093 Itaque
2038 1043 2107 1083 illo
2143 1046 2330 1093 tempore
2358 1044 2465 1083 omni

217 1111 359 1149 noctes
402 1110 446 1147 et
486 1105 575 1147 dies
612 1106 653 1147 in
695 1106 872 1146 omnium
913 1104 1189 1146 doctrinarum
1230 1104 1496 1146 meditatione
1532 1105 1783 1146 versabatur.
1848 1106 1934 1148 Nec
1974 1107 2156 1159 paullum
2194 1108 2233 1148 ei
2271 1107 2465 1159 proderat

218 1171 398 1212 studium
433 1170 691 1218 dialecticae,
727 1180 833 1219 quae
867 1169 983 1219 quasi
1011 1172 1220 1209 contracta
1248 1172 1291 1208 et
1318 1169 1487 1208 astricta
1522 1170 1757 1218 eloquentia
1789 1171 1970 1219 putanda
2005 1175 2085 1219 est3
2121 1173 2209 1210 sine
2245 1183 2326 1221 qua
2354 1173 2464 1211 illam

213 1237 370 1286 justam
398 1234 688 1284 eloquentiam,
720 1245 846 1282 quam
874 1232 1130 1272 dialecticam
1157 1232 1370 1272 dilatatam
1400 1244 1489 1284 esse
1517 1236 1676 1282 putant,
1713 1234 1905 1284 consequi
1933 1246 2011 1274 non
2039 1246 2263 1284 possumus.
2320 1235 2465 1276 Nullus

217 1302 357 1340 autem
385 1297 475 1339 dies
502 1297 553 1338 ab
580 1296 941 1337 exercitationibus
965 1296 1139 1337 oratoris
1157 1308 1307 1337 vacuus
1327 1299 1434 1345 erat;
1464 1295 1730 1337 declamitans
1749 1297 2114 1346 commentabatur3
2144 1297 2268 1349 idque
2288 1297 2463 1339 faciebat

216 1373 343 1413 saepe
370 1359 538 1409 Graece,
568 1359 676 1411 quod
701 1358 859 1400 Graeca
886 1360 1016 1400 oratio
1044 1360 1163 1410 plura
1191 1362 1429 1400 ornamenta
1457 1360 1723 1410 suppeditans
1749 1361 2083 1401 consuetudinem
2110 1363 2301 1402 similiter
2319 1363 2466 1403 Latine

217 1425 380 1467 dicendi
421 1423 635 1466 afferebat.
698 1423 834 1474 Atque
868 1436 991 1474 quum
1025 1425 1188 1465 litteras
1222 1422 1400 1465 Graecas
1435 1423 1486 1464 ad
1520 1435 1705 1474 magnam
1740 1424 1908 1474 gloriam
1943 1425 1984 1465 in
2019 1428 2109 1466 arte
2143 1427 2323 1466 oratoria
2355 1438 2465 1467 asse·

216 1489 421 1540 quendam
456 1489 632 1528 maxime
666 1488 918 1528 necessarias
947 1498 1037 1527 esse
1065 1487 1250 1528 Ciceroni
1277 1487 1396 1527 valde
1432 1491 1542 1527 esset
1568 1499 1824 1538 persuasum,
1860 1489 2043 1528 omnibus
2072 1490 2347 1530 occasionibus
2375 1494 2466 1530 ute-

217 1555 350 1601 batur,
379 1555 426 1592 ut
453 1553 496 1592 in
524 1552 606 1592 illis
634 1552 786 1591 litteris
813 1549 1044 1601 proficeret.
1100 1551 1247 1601 Itaque
1275 1563 1347 1591 sex
1375 1563 1535 1591 menses
1564 1563 1655 1591 cum
1681 1551 1878 1592 Antiocho
1906 1554 2059 1592 veteris
2078 1553 2324 1593 Academiae
2352 1553 2465 1594 nobi—

216 1617 369 1658 lissimo
399 1619 442 1656 et
469 1615 787 1666 prudentissimo
816 1618 919 1655 erat.
975 1615 1076 1655 Tum
1104 1614 1289 1655 Rhodum
1316 1615 1430 1655 venit
1458 1626 1585 1666 seque
1612 1614 1664 1655 ad
1694 1615 1880 1664 eundem,
1910 1627 2031 1667 quem
2058 1616 2210 1656 Romae
2238 1617 2463 1665 audiverat,

216 1680 421 1722 Molonem
449 1679 682 1732 applicavit,
713 1690 837 1730 quum
865 1682 1045 1719 actorem
1074 1679 1115 1719 in
1144 1679 1252 1719 veris
1281 1679 1411 1719 causis
1439 1679 1761 1730 scriptoremque
1789 1682 2069 1730 praestantem
2097 1683 2184 1720 tum
2211 1680 2253 1720 in
2278 1681 2465 1721 notandis

216 1744 670 1794 animadvertendisque
705 1744 816 1783 vitiis
855 1747 897 1783 et
932 1744 1185 1783 instituendo
1223 1743 1485 1794 docendoque
1519 1743 1893 1794 prudentissimum.
1955 1744 1996 1784 Is
2030 1748 2270 1785 consecutus
2304 1750 2383 1794 est,
2418 1750 2463 1785 ut

216 1810 337 1850 nimis
364 1808 662 1849 redundantem
691 1811 734 1848 et
762 1807 1083 1858 superfluentem
1107 1808 1281 1858 juvenili
1309 1807 1483 1859 quadam
1512 1807 1673 1848 dicendi
1701 1808 1946 1859 impunitate
1968 1811 2010 1849 et
2033 1809 2201 1849 licentia
2219 1809 2462 1860 reprimeret

218 1876 260 1914 et
296 1872 411 1924 quasi
448 1874 567 1913 extra
598 1871 709 1923 ripas
742 1870 997 1912 diffluentem
1032 1870 1268 1913 Ciceronem
1304 1875 1525 1913 coerceret.
1583 1872 1671 1913 Tali
1707 1872 1824 1912 modo
1860 1872 1960 1913 illud
1995 1871 2149 1922 effecit,
2184 1876 2231 1913 ut
2259 1872 2463 1914 Ciceronis

215 1936 415 1978 lateribus
441 1937 551 1977 vires
579 1939 622 1977 et
650 1936 808 1987 corpori
843 1935 1058 1976 mediocris
1092 1936 1257 1976 habitus
1284 1936 1541 1977 accederent.
1599 1936 1797 1985 Quoniam
1825 1937 2081 1986 cognovimus
2110 1935 2343 1977 Ciceronem
2373 1949 2463 1977 ora-

215 2004 348 2042 torem
376 2001 554 2042 omnium
582 1999 924 2052 perfectissimum
952 2000 1003 2040 ab
1031 2001 1270 2051 aequalibus
1295 2001 1523 2052 judicatum
1551 2013 1641 2041 esse
1670 2004 1795 2052 atque
1824 2001 1902 2052 ipsi
1926 2013 2166 2052 persuasum
2191 2000 2316 2042 fuisse
2346 2013 2390 2042 se
2411 2014 2461 2043 ex

215 2066 401 2107 omnibus
429 2066 626 2117 optimum
656 2076 745 2106 esse
774 2068 976 2105 oratorem
1005 2068 1048 2105 et
1077 2076 1127 2105 ex
1155 2064 1340 2105 omnibus
1368 2066 1523 2116 optima
1550 2068 1773 2116 praecepta
1802 2066 1980 2105 oratoria
2006 2056 2184 2114 tradere,
2213 2066 2353 2106 mirari
2382 2078 2462 2106 non

214 2141 439 2181 possumus,
470 2129 577 2181 quod
606 2130 649 2170 in
673 2129 803 2171 Bruto
831 2141 945 2170 suam
972 2129 1099 2180 ipsius
1127 2129 1401 2180 eloquentiam
1427 2130 1593 2169 summis
1620 2129 1809 2170 laudibus
1834 2128 1957 2170 effert
1982 2132 2024 2170 et
2048 2141 2138 2170 cum
2162 2130 2393 2171 oratoribus
2420 2135 2462 2171 et

213 2195 452 2235 vetustioris
488 2198 531 2235 et
564 2195 805 2235 recentioris
840 2194 990 2234 aetatis
1024 2195 1174 2244 partim
1208 2192 1425 2234 manifeste
1459 2193 1610 2243 partim
1647 2193 1805 2233 occulte
1834 2194 1893 2232 ita
1921 2205 1965 2233 se
1993 2192 2166 2241 confert,
2202 2198 2250 2234 ut
2276 2194 2463 2235 omnibus

214 2258 278 2297 his
315 2257 545 2299 oratoribus
584 2257 892 2309 anteponendus
925 2257 1123 2297 videatur.
1193 2257 1300 2304 Quin
1337 2258 1460 2297 etiam
1496 2257 1682 2297 videmur
1715 2257 1824 2296 haud
1856 2255 1958 2296 falso
1995 2257 2188 2297 arbitrari
2223 2257 2463 2299 Ciceronem

214 2320 390 2361 Brutum
418 2322 482 2362 sui
510 2322 639 2372 ipsius
666 2320 915 2362 defendendi
943 2333 1064 2362 causa
1091 2321 1313 2372 scripsisse.
1369 2320 1504 2371 Atque
1532 2320 1707 2371 primum
1736 2319 1901 2370 quidem
1929 2318 2114 2360 Ciceroni
2141 2323 2232 2360 erat
2260 2321 2303 2360 in
2328 2323 2463 2362 animo

214 2395 261 2424 se
288 2383 512 2427 defendere
540 2384 593 2426 ab
621 2385 703 2426 illis
731 2384 976 2434 oratoribus,
1007 2385 1077 2436 qui
1104 2384 1352 2425 vocabantur
1377 2383 1661 2435 pseudoattici.
1719 2383 1797 2431 Qui
1826 2394 1949 2433 quum
1977 2383 2140 2423 dicendi
2168 2385 2372 2425 rationem
2400 2397 2464 2426 se·

214 2452 443 2497 querentur
467 2461 494 2489 a
521 2448 728 2490 Ciceronis
761 2450 920 2489 ratione
953 2461 1119 2499 prorsus
1153 2450 1328 2489 alienam
1363 2449 1502 2498 itaque
1530 2447 1768 2488 Ciceronem
1796 2451 2000 2488 oratorem
2029 2459 2119 2488 esse
2146 2449 2463 2499 vituperandum

214 2511 482 2554 vehementer
527 2513 823 2554 contenderent
868 2513 1201 2564 periculosissimi
1242 2511 1446 2554 Ciceronis
1487 2511 1709 2553 adversarii
1751 2512 2015 2553 exstiterunt.
2088 2512 2246 2554 Horum
2286 2515 2463 2555 virorum

213 2584 342 2623 genus
369 2575 531 2617 dicendi
559 2580 685 2618 tenue
711 2577 931 2629 praecipue
951 2575 1092 2617 Cicero
1113 2578 1320 2617 existimat
1343 2576 1609 2627 rejiciendum
1636 2587 1737 2616 esse.
1795 2574 1948 2615 Contra
1962 2575 2008 2631 in
2026 2575 2157 2616 Bruto
2177 2577 2238 2616 illi
2257 2581 2463 2618 oratorum

213 2639 355 2686 generi
376 2638 624 2681 Graecorum
652 2645 835 2682 oratores
862 2641 1218 2691 praeclarissimos,
1248 2641 1562 2680 Demosthenem
1590 2640 1858 2690 potissimum,
1890 2640 2108 2680 imitandos
2133 2642 2336 2691 proponit,
2365 2654 2463 2692 quo-

215 2711 305 2741 rum
333 2704 538 2745 orationes
565 2705 677 2746 solae
706 2705 934 2745 imitatione
963 2704 1044 2744 sint
1072 2704 1229 2754 dignae.
1285 2704 1351 2744 Illi
1379 2706 1517 2744 autem
1545 2706 1729 2743 oratores
1757 2702 2033 2754 pseudoattici
2061 2704 2104 2743 in
2131 2715 2179 2743 eo
2198 2704 2463 2745 vehementer

215 2764 420 2815 errabfflt‚
449 2768 557 2819 quod
581 2768 726 2820 Lysiae
753 2772 796 2810 et
814 2768 1057 2820 Thucydidis
1081 2767 1284 2809 scribendi
1309 2779 1437 2817 genus
1461 2770 1623 2808 secutos
1648 2766 1785 2808 Attice
1811 2779 1856 2808 se
1880 2768 1993 2818 loqui
2019 2767 2301 2819 opinabantur.
2358 2769 2463 2809 Thu·

211 2827 381 2879 cydides
407 2842 546 2874 rerum
579 2836 786 2884 gestarum
821 2833 1106 2885 pronuntiator
1132 2832 1313 2873 sincerus
1341 2834 1384 2872 et
1410 2830 1574 2883 grandis
1602 2832 1727 2872 etiam
1756 2830 1852 2881 fuit;
1889 2831 1991 2872 illud
2019 2830 2182 2872 forense
2211 2835 2464 2873 concertato-

213 2891 320 2932 rium
344 2893 540 2943 judiciale
568 2908 648 2937 non
676 2897 870 2938 tractavit
897 2907 1036 2947 genus.
1092 2896 1237 2946 Itaque
1272 2895 1363 2935 fieri
1389 2907 1469 2935 non
1505 2898 1690 2945 poterat,
1729 2900 1776 2935 ut
1813 2897 1904 2946 eJus
1931 2897 2137 2936 orationes
2165 2897 2393 2936 oratoribus
2421 2898 2463 2936 in

213 2956 347 2997 causis
375 2957 560 3001 dicendis
586 2961 810 3002 imitandae
838 2961 1164 3003 obversarentur.
1221 2959 1336 3008 Quod
1364 2962 1503 3000 autem
1530 2958 1805 3011 pseudoattici
1834 2960 1895 3001 illi
1914 2959 2231 3001 Demosthenem
2257 2971 2347 3001 sese
2374 2960 2464 3001 imi-

210 3019 294 3059 tari
322 3022 634 3074 contendebant,
664 3025 784 3066 valde
812 3025 903 3066 illos
928 3025 1147 3076 vituperat,
1178 3024 1284 3075 quod
1309 3027 1511 3064 oratorem
1539 3024 1653 3065 illum
1680 3035 1759 3064 non
1786 3027 2071 3075 assequuntur.
2128 3023 2314 3075 Namque
2339 3036 2463 3075 quum

2206 3100 2223 3130 1
2237 3098 2254 3118 2
