2790 3505
1200 152 1442 188 „7—

391 278 472 321 Sed
505 281 599 329 post
624 277 799 318 Brutum
834 277 988 318 editum
1020 277 1220 326 restabat,
1255 280 1302 317 ut
1329 275 1471 317 Cicero
1507 278 1630 317 etiam
1665 276 1775 316 aliud
1804 288 1905 327 opus
1938 275 2168 317 conficeret.
2223 277 2449 328 Postquam
2468 267 2482 296 ⁸

196 343 305 385 enim
338 343 446 384 libro
478 341 532 382 de
566 341 687 382 claris
721 340 951 382 oratoribus
985 342 1138 396 scripto
1173 342 1372 392 exemplis
1400 352 1423 381 e
1451 351 1590 381 rerum
1624 341 1819 380 memoria
1851 341 1995 391 petitis
2027 340 2347 382 demonstratum
2379 346 2444 383 est

196 417 327 460 usque
367 405 419 447 ad
456 404 663 447 Ciceronis
703 408 886 447 aetatem
926 407 1112 446 oratores
1151 404 1205 445 ad
1246 414 1440 446 summam
1481 403 1777 457 perfectionem
1819 404 1996 445 nondum
2036 406 2272 469 pervenisse
2307 418 2444 457 neque

197 482 397 514 summum
431 473 558 522 atque
595 470 781 516 omnibus
817 471 999 511 numeris
1035 469 1265 511 absolutum
1301 473 1504 511 oratorem
1539 471 1581 510 in
1615 469 1748 509 lucem
1785 468 1939 509 editum
1977 460 2084 517 esse,
2125 470 2176 509 ad
2214 475 2442 512 extremum

198 535 387 588 quaestio
414 535 587 584 exstitit,
615 545 711 576 num
739 533 1029 594 perfectissimi
1052 535 1226 576 oratoris
1250 534 1408 590 species
1435 537 1574 586 posset
1602 532 1699 584 fingi
1730 555 1778 562 -
1807 533 1920 573 nulla
1942 534 2101 573 ratione
2126 534 2276 583 habita,
2305 539 2442 575 utrum

196 600 292 641 talis
320 601 578 656 orator-esse
604 602 752 651 posset,
770 609 900 639 necne
930 621 978 628 —
1009 602 1052 639 et
1070 599 1232 650 qualem
1256 599 1369 640 illam
1393 598 1681 650 perfectissimi
1707 598 1880 638 oratoris
1905 598 2082 648 speciem
2110 609 2200 638 esse
2219 603 2441 649 oporteret.

195 662 258 704 Ad
285 663 390 704 banc
417 663 699 715 quaestionem
727 662 869 704 Cicero
896 663 939 703 in
967 662 1194 712 ‚,Oratore“
1222 662 1443 714 respondet
1471 666 1513 704 et
1541 664 1582 716 in
1610 663 1686 703 hoc
1714 662 1818 702 libro
1846 662 1906 702 ita
1932 665 1980 702 ut
2007 662 2048 702 in
2072 662 2202 703 Bruto
2231 663 2442 704 scribendo

196 721 461 778 inscriptione
488 726 585 768 libri
612 727 779 776 indicat,
809 726 1146 778 quemadmodum
1166 730 1281 767 recte
1305 727 1490 777 judicare
1509 728 1710 778 possimus
1728 726 1781 767 de
1800 728 1850 766 iis
1869 726 2003 775 rebus,
2034 737 2135 777 quas
2155 727 2195 766 in
2215 727 2441 775 „Oratore“

197 792 444 841 exposuerit.
507 790 652 842 Neque
687 792 794 831 enim
836 791 888 831 de
930 802 1086 831 summa
1120 791 1355 841 eloquentia
1389 791 1568 831 scribere
1604 792 1643 831 ei
1680 795 1771 831 erat
1812 791 2083 841 propositum,
2127 791 2199 831 sed
2238 795 2441 831 oratorem
2492 792 2510 811 ·

195 850 281 894 κατ’
310 851 460 908 ἐξοχὴν
486 853 642 906 fingere
675 855 808 906 qualis
845 866 935 895 esse
971 854 1155 895 deberet.
1219 855 1355 906 Atque
1382 854 1526 895 Cicero
1562 855 1650 905 ipse
1686 856 1837 896 iterum
1871 866 1918 894 ac
1954 854 2118 905 saepius
2152 854 2369 895 confitetur
2397 867 2442 895 se

196 917 411 958 Oratorem
438 918 513 959 hoc
541 915 708 966 consilio
736 919 958 970 scripsisse,
988 922 1036 959 ut
1062 919 1179 970 quasi
1208 918 1329 959 finem
1357 918 1514 959 faceret
1541 919 1745 972 scribendi
1772 919 1824 959 de
1854 922 1945 958 arte
1973 919 2153 958 oratoria
2177 923 2220 958 et
2248 919 2442 959 libris-de

195 980 319 1022 rebus
337 982 526 1022 oratoriis
548 981 634 1033 Jam
654 982 777 1023 editis
798 983 1001 1023 cumulum
1020 981 1201 1031 afferret,
1231 982 1273 1022 id
1293 986 1367 1030 est,
1396 986 1443 1022 ut
1462 983 1504 1022 in
1522 982 1638 1022 libris
1657 983 1709 1022 de
1729 986 1891 1023 oratore
1912 982 2035 1022 editis
2050 984 2129 1031 via,
2142 1017 2147 1022 .
2160 995 2240 1032 qua
2259 987 2442 1023 oratores

194 1047 447 1096 propositum
475 1048 668 1098 consequi
694 1051 872 1097 possent,
903 1047 1181 1087 demonstrata
1210 1049 1253 1086 et
1281 1047 1322 1086 in
1349 1044 1477 1086 Bruto
1507 1047 1765 1096 eloquentiae
1791 1047 2062 1087 Romanorum
2091 1047 2261 1086 historia
2290 1049 2443 1098 scripta

191 1109 276 1161 jam
310 1100 598 1162 perfectissimi
627 1111 800 1152 oratoris
828 1111 965 1162 specie
1000 1109 1189 1161 fingenda
1216 1110 1349 1150 animo
1380 1113 1422 1150 et
1457 1113 1595 1151 mente
1623 1114 1817 1162 concepta
1850 1121 1985 1162 neque
2014 1110 2065 1150 ab
2094 1111 2177 1151 ullo
2204 1111 2367 1151 homine
2396 1123 2442 1151 re

194 1186 292 1214 vera
318 1176 405 1216 visa
431 1177 683 1227 propositum
711 1177 844 1227 ipsum
872 1175 1121 1216 ostenderet.
1179 1175 1268 1223 Qua
1296 1175 1432 1225 specie
1461 1186 1585 1225 quum
1610 1174 1750 1214 Cicero
1779 1175 1962 1215 omnibus
1986 1175 2081 1215 libri
2110 1176 2209 1215 locis
2237 1179 2439 1215 oratorem

191 1238 326 1289 ipsum
355 1237 567 1291 significet,
603 1239 742 1281 dicere
769 1250 981 1290 possumus
1007 1237 1193 1280 Ciceroni
1215 1239 1473 1291 propositum
1501 1237 1627 1279 fuisse
1652 1239 1762 1279 illius
1787 1238 1961 1290 perfecti
1988 1240 2162 1280 oratoris
2189 1243 2232 1280 et
2260 1251 2441 1280 summae

194 1303 454 1353 eloquentiae
482 1305 660 1355 speciem
689 1305 931 1354 exprimere.
987 1305 1079 1344 Jam
1109 1315 1159 1343 ex
1187 1304 1262 1343 hac
1289 1305 1380 1354 ipsa
1406 1316 1452 1343 re
1480 1307 1665 1354 apparet,
1696 1304 2031 1355 quemadmodum
2053 1304 2254 1352 ,‚Orator“
2276 1308 2319 1343 et
2345 1304 2439 1344 libri

193 1365 245 1406 de
278 1370 441 1407 oratore
478 1367 580 1407 editi
601 1368 725 1407 'inter
759 1379 803 1408 se
837 1365 1042 1407 differant.
1104 1367 1152 1407 In
1187 1368 1250 1407 his
1288 1368 1395 1407 enim
1429 1366 1545 1407 libris
1581 1365 1723 1407 Cicero
1759 1366 1833 1406 hoc
1870 1379 1969 1417 prae
2007 1369 2157 1408 ceteris
2190 1368 2355 1418 agebat,
2393 1372 2441 1407 ut

193 1429 392 1481 quomodo
425 1429 601 1482 perfecti
636 1434 819 1487 oratores
854 1430 945 1471 fieri
974 1434 1016 1472 et
1044 1430 1096 1471 ad
1125 1431 1297 1472 sublime
1324 1430 1426 1472 illud
1456 1431 1716 1481 eloquentiae
1751 1429 1955 1481 fastigium
1983 1432 2125 1471 venire
2152 1435 2337 1482 possent,
2374 1433 2441 1472 via

192 1505 239 1533 ac
273 1495 433 1534 ratione
459 1495 661 1535 Romanos
693 1495 880 1543 doceret,
919 1495 961 1534 in
990 1495 1218 1544 „Oratore“
1245 1495 1320 1535 hoc
1349 1495 1515 1545 agebat,
1553 1498 1600 1533 ut
1635 1494 1841 1544 fastigium
1874 1495 1975 1534 illud
2012 1496 2271 1545 eloquentiae
2291 1497 2440 1546 'ipsum

191 1558 392 1608 pingeret.
448 1558 592 1610 Neque
621 1559 746 1609 igitur
773 1559 815 1599 in
851 1559 926 1598 hoc
962 1570 1087 1609 opere
1115 1559 1276 1599 dicendi
1310 1562 1534 1610 praecepta
1569 1558 1735 1598 tradere
1766 1559 1852 1608 jam
1880 1559 1968 1598 vult
2003 1570 2174 1609 eamque
2202 1559 2252 1599 ob
2281 1571 2369 1599 rem
2398 1561 2439 1599 in

191 1621 266 1662 hoc
293 1621 398 1662 libro
426 1633 518 1663 eum
543 1634 622 1663 non
647 1622 809 1663 dicendi
834 1623 1085 1673 magistrum,
1115 1622 1187 1663 sed
1208 1623 1529 1663 existimatorem
1548 1634 1595 1662 ac
1620 1622 1800 1673 judicem
1827 1633 1916 1662 esse
1936 1622 2130 1662 videmus.
2188 1623 2439 1674 Quamquam

191 1685 331 1724 mirari
358 1697 438 1726 non
465 1698 678 1737 possumus
704 1687 881 1737 plurima
908 1683 1133 1736 praecepta
1160 1686 1321 1726 dicendi
1348 1688 1449 1726 artis
1477 1687 1519 1726 in
1546 1686 1663 1726 libris
1689 1686 1740 1726 de
1766 1689 1928 1726 oratore
1956 1687 2078 1726 editis
2102 1687 2187 1736 jam
2217 1687 2370 1727 tradita
2398 1690 2438 1727 in

192 1747 420 1795 „Oratore“
448 1749 598 1790 iterum
627 1753 752 1800 atque
780 1749 923 1790 eodem
951 1749 1069 1789 modo
1098 1750 1415 1797 commemorari,
1445 1749 1552 1799 quod
1580 1753 1804 1800 praecepta
1832 1751 1903 1789 illa
1927 1751 2051 1790 aliter
2078 1750 2187 1789 tradi
2215 1762 2294 1799 non
2323 1754 2437 1801 pote-

191 1815 295 1852 rant.
352 1812 479 1853 Velut
514 1813 661 1865 (ut-ea
696 1816 873 1862 tantum,
911 1824 1016 1864 quae
1051 1813 1216 1852 maximi
1249 1814 1444 1853 momenti
1479 1817 1592 1862 sunt,
1630 1814 2005 1865 commemoremus)
2040 1814 2082 1853 in
2111 1817 2285 1864 utroque
2313 1825 2437 1864 opere

190 1887 317 1926 genus
345 1876 707 1917 demonstrativum
733 1877 786 1917 ab
814 1888 966 1928 genere
991 1877 1178 1927 judiciali
1206 1880 1249 1917 et
1274 1877 1543 1921 deliberativo
1563 1878 1761 1917 contionis
1780 1879 2020 1926 secernitur,
2050 1879 2092 1917 in
2117 1882 2291 1929 utroque
2311 1890 2438 1928 opere

191 1941 260 1990 qui
295 1940 486 1982 dicuntur
521 1944 652 1981 status
687 1953 834 1982 causae
867 1945 910 1982 et
944 1941 1240 1981 commendatio
1266 1943 1426 1987 θέσεως
1453 1942 1569 1982 nobis
1597 1945 1824 1982 occurrunt.
1881 1942 2105 1983 Praeterea
2132 1943 2310 1993 quinque
2338 1942 2436 1982 illae

189 2007 311 2045 notae
330 2016 399 2046 res
416 2005 606 2053 omnibus
621 2005 849 2046 ora—toribus
868 2006 1135 2054 necessariae,
1165 2005 1361 2055 invenire,
1392 2006 1602 2055 collocare,
1632 2006 1838 2055 memoria,
1870 2007 2055 2056 elocutio,
2085 2007 2201 2055 actio,
2232 2010 2274 2046 et
2293 2010 2436 2057 partes

189 2070 383 2110 orationis
417 2071 614 2118 usitatae,
653 2071 916 2121 principium,
952 2071 1150 2118 narratio,
1186 2072 1504 2120 argumentatio,
1541 2072 1749 2121 peroratio
1784 2071 1825 2110 in
1859 2074 2034 2121 utroque
2069 2082 2191 2121 opere
2228 2071 2432 2121 leguntur.

189 2133 333 2185 Neque
367 2133 515 2175 desunt
550 2134 629 2175 duo
664 2146 817 2186 genera
851 2135 1029 2176 locorum
1059 2137 1102 2174 et
1136 2135 1289 2175 lumina
1315 2135 1510 2175 orationis
1539 2138 1583 2175 et
1611 2136 1920 2175 sententiarum.
1977 2135 2021 2175 In
2052 2137 2225 2186 utroque
2254 2134 2434 2186 denique

190 2209 314 2248 opere
343 2193 561 2250 exponitur
588 2202 791 2239 oratorem
818 2198 1047 2249 perfectum
1082 2199 1373 2249 philosophiae,
1406 2200 1522 2249 juris,
1560 2211 1699 2239 rerum
1727 2203 1933 2249 gestarum
1962 2204 2004 2238 et
2032 2199 2250 2238 memoriae
2278 2200 2435 2238 veteris

189 2261 342 2303 ordinis
368 2262 547 2313 peritum
577 2274 666 2304 esse
696 2266 739 2303 et
767 2262 919 2303 salibus
946 2264 1009 2303 uti
1036 2273 1155 2313 posse
1182 2266 1385 2314 oportere.
1442 2263 1636 2303 Attamen
1664 2263 1764 2303 haec
1793 2263 1926 2303 omnia
1953 2263 1993 2302 in
2019 2262 2245 2311 „Oratore“
2275 2262 2335 2302 ita
2363 2274 2436 2302 ex-

189 2325 425 2375 planantur,
454 2329 502 2367 ut
529 2329 669 2377 aptum
700 2330 763 2367 est
791 2327 843 2367 ad
872 2328 1100 2375 consilium,
1138 2339 1217 2377 quo
1244 2327 1310 2367 hic
1337 2327 1444 2367 liber
1471 2328 1647 2377 scriptus
1676 2331 1750 2375 est,
1779 2326 1966 2376 quodque
1991 2326 2076 2376 Jam
2106 2337 2230 2376 supra
2259 2338 2437 2366 comme-

189 2390 442 2430 moravimus.
497 2390 559 2430 Ea
585 2394 736 2439 autem,
766 2402 870 2441 quae
899 2391 940 2431 in
968 2391 1042 2431 hoc
1071 2402 1196 2441 opere
1223 2391 1388 2431 levioris
1406 2391 1600 2431 momenti
1620 2394 1724 2438 sunt,
1753 2390 1963 2440 principia,
1993 2390 2263 2439 narrationes,
2294 2391 2435 2441 paucis

190 2457 496 2504 enumerantur,
535 2465 599 2505 ea,
637 2465 742 2505 quae
777 2455 818 2494 in
851 2455 926 2495 hoc
955 2465 1080 2505 opere
1108 2453 1273 2505 majoris
1301 2457 1395 2495 sunt
1423 2455 1634 2503 momenti,
1670 2457 1716 2493 ut
1744 2454 1894 2502 omnia,
1932 2464 2037 2504 quae
2067 2453 2118 2493 ad
2149 2454 2432 2503 elocutionem,

189 2528 294 2565 quae
323 2522 387 2559 est
414 2530 570 2559 summa
596 2518 822 2559 rhetorices
849 2530 962 2569 pars,
1000 2521 1043 2558 et
1070 2518 1121 2558 ad
1148 2530 1361 2559 numerum
1389 2519 1616 2570 pertinent,
1652 2517 1863 2568 diligentia
1890 2521 2083 2558 accurata
2111 2530 2157 2558 ac
2184 2519 2298 2569 justa
2327 2523 2436 2559 trac-

188 2583 338 2630 tantur,
370 2586 413 2624 et
441 2583 492 2623 de
522 2583 749 2623 elocutione
779 2586 821 2623 et
848 2595 1016 2623 numero
1045 2584 1173 2623 multa
1201 2587 1243 2622 et
1271 2594 1373 2622 nova
1393 2586 1436 2622 et
1463 2583 1582 2622 utilia
1602 2581 1652 2621 ad
1674 2593 1733 2630 ea,
1764 2594 1868 2632 quae
1894 2583 1979 2633 Jam
2000 2584 2042 2622 in
2061 2583 2179 2623 libris
2199 2583 2251 2623 de
2270 2587 2434 2623 oratore

190 2643 310 2685 editis
339 2644 480 2688 Cicero
509 2651 765 2699 exposuerat,
794 2647 1010 2687 adduntur.
1067 2648 1202 2697 Atque
1231 2647 1361 2697 major
1379 2646 1616 2696 „Oratoris“
1636 2657 1732 2697 pars
1758 2646 1799 2686 in
1818 2646 2037 2688 verborum
2058 2648 2433 2699 circumscriptione

188 2713 376 2750 revocata
409 2711 461 2751 ad
496 2710 627 2752 artem
663 2723 709 2752 ac
743 2714 965 2763 praecepta
1000 2714 1042 2751 et
1078 2711 1119 2750 in
1155 2721 1322 2751 numero
1359 2711 1534 2750 oratorio
1574 2710 1825 2760 explicandis
1860 2715 2062 2752 versatur.
2126 2712 2173 2752 In
2209 2724 2256 2752 eo
2294 2716 2430 2752 autem

187 2775 366 2821 oratore,
402 2776 467 2815 cui
494 2776 596 2816 nihil
623 2775 718 2816 addi
745 2779 899 2827 posset,
934 2775 1199 2816 describendo
1228 2773 1463 2815 Ciceronem
1492 2786 1564 2814 suo
1597 2775 1723 2825 ipsius
1753 2787 1875 2815 sensu
1903 2777 2005 2816 artis
2034 2778 2237 2816 oratoriae
2266 2776 2431 2816 ductum

189 2847 278 2876 esse
305 2837 565 2880 manifestum
594 2843 669 2880 est.
727 2840 804 2889 Qui
833 2840 909 2881 sibi
938 2839 1119 2880 conscius
1145 2842 1234 2879 erat
1257 2843 1344 2879 tres
1369 2839 1460 2879 illas
1484 2850 1564 2887 res,
1594 2838 1743 2889 quibus
1761 2839 1871 2879 inter
1890 2851 1935 2880 se
1955 2840 2181 2891 conjunctis
2200 2840 2241 2879 in
2261 2839 2432 2879 dicendo

188 2898 341 2950 aliquid
370 2899 478 2941 effici
505 2906 660 2954 posset,
696 2904 919 2954 ingenium,
958 2903 1199 2951 doctrinam,
1236 2914 1351 2942 usum
1385 2903 1426 2942 in
1455 2914 1499 2942 se
1527 2903 1674 2942 inesse.
1731 2903 1818 2943 Hoc
1846 2903 1964 2943 modo
1993 2904 2044 2943 ad
2073 2904 2246 2943 oratoris
2273 2902 2431 2954 perfec·

187 2963 333 3004 tissimi
360 2965 577 3016 imaginem
605 2972 719 3008 recte
749 2968 1051 3019 exprimendam
1079 2979 1179 3018 opus
1209 2971 1298 3007 erat
1318 2966 1554 3006 Ciceronem
1583 2967 1660 3007 sibi
1681 2971 1872 3008 accurate
1892 2979 1938 3007 ac
1958 2968 2178 3018 diligenter
2203 2979 2432 3018 proponere

189 3036 248 3075 ea,
278 3039 384 3077 quae
412 3029 582 3070 dicendo
611 3037 851 3073 consecutus
880 3035 989 3072 esset
1017 3032 1244 3082 quibusque
1272 3031 1395 3071 rebus
1424 3032 1574 3071 ceteris
1595 3032 1825 3072 oratoribus
1853 3036 2097 3083 praestaret.
2155 3033 2290 3082 Atque
2311 3032 2369 3071 ita
2390 3032 2430 3071 in
