2790 3505
1264 165 1313 170 -
1372 145 1395 182 8
1450 164 1503 169 —
1949 160 1951 163 ·
2374 152 2376 154 ·
2704 124 2706 126 V
2731 129 2790 159 Ὢ

214 270 227 298 θ
253 284 408 312 summo
444 275 609 312 oratore
646 270 834 322 fingendo
864 269 1008 311 Cicero
1043 273 1140 322 agit.
1199 272 1390 312 Ostendit
1426 272 1532 312 enim
1568 283 1616 311 ea
1649 271 1871 321 sapientia,
1909 282 2016 321 quae
2052 273 2139 313 viro
2166 284 2265 314 vere
2299 272 2509 322 eloquenti

253 337 429 377 maxime
462 334 696 376 adhibenda
729 335 799 383 sit,
836 334 1029 383 videndo,
1067 335 1164 385 quid
1201 336 1242 375 in
1276 335 1448 376 dicendo
1483 335 1646 381 deceat,
1683 345 1822 375 omnes
1857 337 2041 376 oratores
2073 346 2099 377 a
2126 347 2171 377 se
2198 336 2404 388 superari.
2453 335 2509 377 Se

252 402 382 441 solum
413 403 763 450 esse,temp0rum
797 410 1147 449 personarumque
1175 398 1488 439 moderatorem.
1545 400 1606 439 Ex
1635 409 1713 449 quo
1743 398 1919 448 intelligi
1953 402 2109 449 potest,
2146 412 2220 441 cur
2246 399 2388 441 Cicero
2416 411 2510 441 con-

252 465 398 507 tendat
433 475 528 505 suas
567 463 695 515 ipsius
730 462 936 503 orationes
971 461 1157 502 omnibus
1186 462 1416 504 oratoribus
1444 463 1536 504 usui
1565 475 1656 505 esse
1690 462 1843 504 debere
1871 462 1923 503 ad
1950 474 2079 517 genus
2106 451 2269 505 dicendi
2296 467 2411 506 recte
2439 463 2510 505 de-

251 528 473 580 ligendum.
529 528 666 578 Atque
696 538 820 577 quum
849 527 890 565 in
910 526 1137 574 „Oratore“
1158 524 1301 565 Cicero
1330 526 1389 565 ita
1415 537 1615 566 summum
1635 530 1838 567 oratorem
1865 526 2082 586 describat,
2112 529 2160 567 ut
2178 527 2268 579 ipse
2282 527 2508 579 judicabat,

252 593 513 644 perspicuum
551 595 614 631 est
643 591 757 630 illum
792 591 843 630 iis
872 589 996 629 rebus
1025 590 1197 629 multum
1231 590 1428 638 tribuere,
1466 601 1638 640 quorum
1667 591 1755 642 ipse
1783 591 2056 642 peritissimus
2083 589 2222 632 fuerit.
2277 591 2336 632 Ut
2363 593 2511 633 statuit

251 660 457 698 oratorem
484 655 739 696 audientium
765 655 921 694 animos
948 653 1164 694 conciliare
1192 656 1235 693 et
1259 664 1500 705 permovere
1525 654 1701 695 maxime
1726 666 1827 706 opus
1847 666 1937 697 esse
1957 658 1999 696 et
2023 654 2183 696 duabus
2204 655 2287 697 illis
2302 655 2508 708 partibus,

252 734 354 773 quas
382 720 530 760 Graeci
558 716 715 770 αὔξησιν
744 721 786 758 et
815 720 931 756 θέσιν
958 718 1181 767 nominent,
1211 719 1251 757 in
1280 717 1451 757 dicendo
1480 718 1553 757 uti.
1611 718 1809 758 Ornatum
1837 723 1976 760 autem
2004 720 2045 759 in
2073 719 2245 760 dicendo
2272 732 2321 761 eo
2347 722 2511 772 potissi-

185 793 200 809 ·
249 797 361 826 mum
391 783 575 834 cognosci
604 794 742 834 posse,
780 782 888 833 quod
917 782 1047 822 oratio
1082 781 1270 832 praedita
1299 782 1352 822 sit
1387 781 1607 822 luminibus
1635 782 1831 823 orationis
1861 786 1903 824 et
1933 785 2248 833 sententiarum,
2279 784 2508 826 elocutione

251 852 349 900 apta
385 848 437 888 ad
473 859 601 898 genus
630 846 793 887 dicendi
821 847 1017 897 amplum,
1057 845 1273 885 verborum
1302 845 1431 885 forma
1460 857 1505 885 ac
1535 847 1827 895 concinnitate,
1867 858 1972 897 quae
2001 848 2140 889 orbem
2168 860 2285 889 suum
2312 847 2437 890 faciat
2466 852 2509 889 et

248 914 362 964 justo
395 924 567 952 numero
603 912 873 952 contineatur.
932 910 1021 959 Qua
1058 922 1274 953 numerosa
1309 911 1492 950 oratione
1528 911 1748 951 luminibus
1782 914 1926 951 ornata
1960 915 2165 954 oratorem
2197 925 2296 953 ¹vere
2330 914 2508 965 amplum

253 980 366 1019 cerni
394 988 514 1028 posse
543 979 589 1016 ut
620 975 762 1015 Cicero
792 976 833 1014 in
854 975 1083 1023 „Oratore“
1105 974 1262 1015 diceret
1291 975 1493 1015 nonnullis
1514 976 1645 1015 causis
1665 975 2005 1020 commovebatur,
2036 988 2137 1028 quas
2155 989 2260 1018 nunc
2279 978 2509 1019 considera-

250 1042 396 1081 bimus.
454 1040 569 1079 Illius
598 1051 724 1089 opera
753 1050 885 1078 sermo
915 1040 1117 1078 oratorius
1147 1039 1234 1078 sine
1270 1039 1392 1078 dubio
1423 1051 1471 1079 ea
1506 1051 1551 1078 re
1587 1050 1784 1078 summam
1812 1043 2054 1079 consecutus
2083 1044 2173 1080 erat
2199 1040 2506 1092 perfectionem,

252 1105 358 1156 quod
396 1105 436 1143 in
474 1104 543 1143 illo
579 1104 660 1142 tria
696 1103 766 1142 illa
800 1114 953 1152 genera
983 1102 1162 1150 dicendi,
1201 1103 1370 1152 grande,
1407 1103 1603 1152 medium,
1641 1106 1765 1143 tenue
1795 1107 1892 1154 apte
1921 1104 2030 1143 inter
2059 1115 2103 1144 se
2132 1105 2348 1156 conjuncta
2377 1110 2506 1146 erant.

251 1169 387 1219 Atque
424 1180 473 1207 ex
514 1166 700 1207 omnibus
738 1166 983 1206 dictionibus
1021 1178 1069 1206 ea
1108 1167 1184 1206 sibi
1222 1166 1418 1217 eligebat,
1464 1178 1568 1218 quae
1604 1167 1833 1207 imitatione
1868 1166 2103 1217 dignissima
2139 1179 2229 1208 esse
2257 1168 2506 1218 viderentur,

251 1245 473 1283 omnesque
509 1232 709 1272 dictiones
746 1232 804 1271 ita
840 1231 1056 1274 miscebat,
1094 1235 1140 1271 ut
1176 1232 1285 1271 inter
1319 1243 1362 1271 se
1399 1235 1682 1281 congruerent.
1738 1231 1882 1282 Neque
1917 1243 2014 1272 vero
2042 1232 2183 1282 negari
2217 1236 2354 1283 potest
2382 1244 2519 1284 genus*

252 1298 416 1338 dicendi
450 1298 648 1347 amplum,
687 1308 828 1346 grave,
867 1298 1072 1346 copiosum
1109 1297 1149 1335 in
1180 1294 1374 1335 Cicerone
1409 1296 1698 1346 praevaluisse.
1755 1295 1922 1336 IlIOrum
1957 1299 2095 1336 autem
2124 1296 2286 1337 dicendi
2313 1309 2508 1347 generum

251 1360 560 1410 unumquidque
590 1360 766 1409 probans
794 1363 951 1406 monet,
990 1371 1041 1398 ne
1071 1360 1162 1408 quis
1192 1360 1232 1398 in
1262 1360 1398 1409 aliquo
1434 1370 1585 1408 genere
1615 1359 1843 1399 adhibendo
1874 1363 1991 1399 extra
2019 1360 2180 1399 modum
2208 1360 2508 1411 prodeatatque

250 1425 510 1471 adhortatur,
551 1427 595 1462 ut
641 1425 824 1462 oratores
871 1424 911 1462 in
951 1423 1122 1462 dicendo
1162 1423 1295 1462 omnia
1330 1423 1381 1461 ad
1416 1422 1607 1463 decorum
1645 1422 1839 1462 referant.
1903 1423 2017 1470 Quae
2052 1424 2187 1464 omnia
2221 1423 2509 1475 praecipiendo

249 1488 546 1540 pseudoatticis
566 1499 656 1527 sese
677 1498 883 1537 opponere
904 1486 1079 1535 volebat,
1110 1498 1210 1537 quos
1235 1486 1321 1536 jam
1343 1487 1383 1526 in
1403 1486 1532 1527 Bruto
1552 1487 1859 1538 vituperaverat
1879 1498 2132 1538 quorumque
2156 1487 2242 1538 jam
2261 1488 2508 1528 mentionem

250 1553 432 1594 fecimus.
490 1551 544 1591 Hi
575 1552 682 1591 enim
712 1552 867 1591 nullum
896 1551 974 1591 nisi
1004 1562 1131 1601 genus
1161 1550 1322 1590 dicendi
1352 1554 1477 1590 tenue
1506 1550 1727 1602 probantes
1757 1550 1963 1591 Ciceronis
1991 1551 2210 1591 dictionem
2243 1554 2413 1603 propter
2440 1563 2509 1602 ge-

250 1619 361 1659 neris
392 1617 554 1657 dicendi
584 1617 708 1667 ampli
738 1629 854 1656 usum
884 1616 1242 1656 vehementissime
1271 1616 1642 1666 reprehendebant.
1700 1615 1808 1664 Quos
1826 1619 1996 1667 propter
2014 1617 2122 1656 viros
2142 1628 2265 1667 quum
2286 1619 2329 1656 et
2350 1614 2509 1657 Cicero-

250 1685 312 1724 nis
348 1683 476 1734 ipsius
513 1683 601 1722 laus
637 1682 815 1721 oratoria
853 1684 894 1721 et
922 1681 1193 1720 Romanorum
1230 1681 1465 1731 eloquentia
1501 1682 1650 1721 eximia
1684 1681 1725 1721 in
1753 1684 1960 1724 ‘summum
1994 1681 2223 1732 periculum
2250 1685 2507 1729 vocarentur,

252 1748 375 1788 etiam
413 1747 454 1785 in
491 1746 720 1794 „Oratore“
757 1747 862 1785 sicut
903 1746 943 1784 in
979 1745 1109 1784 Bruto
1147 1744 1304 1784 fecerat
1344 1745 1434 1784 illos
1470 1745 1577 1784 viros
1614 1745 1732 1785 valde
1770 1745 2017 1796 reprehendi
2053 1743 2195 1785 Cicero
2232 1746 2509 1785 necessarium

251 1810 525 1851 existimabat.
583 1809 737 1849 Eodem
766 1812 905 1849 autem
926 1808 1043 1848 modo
1065 1820 1134 1848 eos
1163 1808 1400 1858 castigabat,
1432 1810 1502 1859 qui
1531 1810 1571 1849 in
1591 1821 1743 1858 genere
1764 1809 1925 1849 dicendi
1945 1809 2078 1860 amplo
2097 1808 2327 1849 adhibendo
2352 1809 2508 1860 Justum

251 1875 412 1915 modum
452 1873 725 1921 excedebant,
763 1877 889 1924 atque
926 1873 1062 1924 potius
1096 1873 1171 1912 hoc
1208 1873 1418 1913 statuebat
1454 1872 1683 1924 perfectum
1718 1877 1922 1913 oratorem
1953 1877 1995 1913 et
2024 1874 2188 1925 optimis
2223 1874 2438 1913 sententiis
2468 1876 2510 1913 et

251 1940 387 1979 verbis
423 1939 655 1977 lectissimis
691 1938 829 1977 dicere
866 1940 1068 1987 oportere.
1125 1937 1189 1975 Ita
1225 1937 1408 1977 videmus
1438 1936 1675 1977 Ciceronem
1710 1937 2014 1988 pseudoatticos
2051 1938 2354 1987 vituperantem
2385 1938 2509 1977 etiam

251 2003 383 2053 qualis
413 2013 591 2041 summus
621 2005 758 2041 orator
787 2012 877 2040 esse
907 2000 1080 2040 deberet
1108 2001 1353 2051 exposuisse.
1411 2000 1544 2051 Hujus
1564 2004 1702 2041 autem
1722 2000 1839 2049 liber,
1870 2001 1940 2051 qui
1961 2000 2162 2050 „Orath“
2181 2000 2427 2050 inscribitur,
2459 2000 2510 2041 ad

251 2067 305 2106 M.
336 2067 505 2107 Junium
534 2066 706 2105 Brutum
737 2066 913 2114 scriptus
949 2068 1057 2112 erat,
1090 2076 1210 2114 quem
1241 2076 1265 2103 a
1298 2077 1450 2114 genere
1488 2064 1649 2105 dicendi
1678 2065 1997 2105 demonstrativo
2025 2065 2143 2105 valde
2180 2065 2438 2106 abhorruisse
2468 2070 2511 2106 et

248 2132 291 2170 in
321 2141 537 2169 numerum
566 2128 891 2168 adversariorum
922 2127 1128 2167 Ciceronis
1157 2128 1510 2168 acerbissimorum
1540 2128 1802 2168 referendum
1832 2140 1921 2168 esse
1953 2129 2038 2179 Jam
2073 2140 2196 2180 supra
2225 2140 2513 2169 commemora·

249 2195 391 2234 vimus.
457 2194 654 2233 Attamen
691 2205 814 2242 quum
850 2193 915 2232 hic
950 2193 1012 2232 vir
1041 2191 1247 2232 Ciceronis
1286 2193 1326 2232 in
1362 2193 1453 2232 aliis
1488 2193 1628 2232 multis
1663 2192 1786 2232 rebus
1821 2192 1961 2233 similis
1997 2197 2123 2242 esset,
2157 2189 2314 2234 litteris
2342 2192 2510 2233 Graecis

251 2262 360 2299 esset
383 2257 582 2306 eruditus,
614 2257 792 2297 illustria
814 2256 1071 2307 eloquentiae
1093 2257 1308 2306 singularis
1328 2256 1572 2296 documenta
1591 2256 1784 2306 dedisset,
1810 2257 1956 2297 eximio
1976 2257 2147 2308 ingenio,
2156 2257 2368 2310 praeditus
2389 2261 2509 2306 esset,

251 2323 394 2362 Cicero
424 2322 618 2372 sperabat
648 2321 736 2360 fore
767 2325 812 2360 ut
841 2322 911 2360 ille
939 2324 1084 2367 postea
1112 2322 1324 2370 praeclara
1342 2321 1464 2359 laude
1485 2322 1663 2360 oratoria
1684 2320 1861 2370 floreret,
1892 2323 1926 2361 si
1946 2322 2133 2362 studeret
2155 2322 2228 2361 hoc
2248 2333 2373 2372 opere
2393 2322 2511 2361 Bruti

251 2385 374 2426 falsas
404 2385 453 2425 de
484 2388 647 2426 oratore
674 2385 886 2437 opiniones
906 2384 1112 2434 corrigere
1133 2387 1257 2435 atque
1279 2384 1510 2425 emendare.
1568 2384 1837 2436 Intelligimus
1857 2386 1982 2437 igitur
2001 2384 2237 2427 Ciceronem
2257 2385 2333 2426 hac
2352 2385 2511 2427 ratione

251 2450 360 2489 idem
397 2450 436 2488 in
477 2451 650 2489 Oratore
688 2449 903 2489 scribendo
940 2448 1047 2498 quod
1089 2449 1129 2487 in
1166 2448 1294 2487 Bruto
1332 2449 1544 2488 scribendo
1586 2451 1846 2499 spectavisse.
1908 2450 2007 2489 Eam
2044 2449 2095 2489 ob
2134 2461 2221 2489 rem
2257 2452 2511 2500 quantopere

250 2514 454 2553 Isocrates
485 2517 526 2552 et
555 2513 853 2553 Demosthenes
883 2513 1034 2552 ceteris
1071 2512 1301 2552 oratoribus
1335 2513 1619 2562 praestiterint
1656 2514 1697 2553 in
1726 2514 1954 2562 „Oratore“
1983 2513 2112 2553 Bruto
2141 2513 2332 2554 ostendit.
2389 2513 2512 2552 Prae-

250 2582 369 2618 terea
399 2577 580 2617 studium
610 2577 835 2617 Stoicorum
866 2576 1107 2616 dialecticae
1137 2579 1326 2616 accurate
1356 2578 1656 2626 cognoscendae
1687 2578 1747 2618 illi
1777 2578 1939 2628 eripere
1964 2577 2116 2626 studet,
2147 2576 2266 2628 quod,
2296 2577 2330 2617 si
2358 2577 2512 2617 Stoicos

250 2643 466 2692 sequatur,
505 2640 555 2680 ad
595 2651 805 2680 commune
839 2640 1038 2690 judicium
1074 2641 1396 2691 popularemque
1426 2641 1739 2692 intelligentiam
1769 2641 2069 2683 accommodate
2098 2641 2236 2681 dicere
2265 2652 2343 2681 non
2371 2641 2511 2693 possit.

249 2706 430 2745 Maxime
459 2708 600 2745 autem
631 2704 837 2744 Ciceronis
866 2707 1066 2744 intererat
1096 2705 1212 2752 libro,
1244 2706 1313 2756 qui
1335 2706 1536 2753 ,.Orator“
1558 2707 1804 2755 inscribitur,
1835 2707 2009 2746 Brutum
2038 2706 2263 2756 impellere,
2292 2709 2338 2745 ut
2364 2708 2510 2746 ornatu

253 2769 414 2809 (licendi
445 2773 487 2809 et
516 2768 733 2809 verborum
771 2768 944 2807 circuitu
974 2771 1016 2808 et
1051 2769 1235 2809 oratione
1265 2769 1316 2809 ad
1345 2782 1535 2810 numeros
1571 2771 1738 2821 alligata
1766 2770 1894 2820 magis
1922 2781 2043 2820 quam
2072 2773 2195 2810 antea
2222 2770 2510 2817 delectaretur,

252 2836 295 2872 et
323 2844 503 2879 monere,
535 2844 587 2871 ne
616 2832 792 2871 orationi
822 2842 964 2870 versus
993 2832 1208 2871 insereret.
1265 2833 1409 2882 Neque
1439 2845 1535 2872 vero
1564 2833 1735 2873 Brutum
1765 2835 1906 2881 solum,
1937 2832 2008 2871 sed
2039 2833 2162 2872 etiam
2191 2845 2330 2873 omnes
2349 2831 2511 2872 dicendi

252 2896 455 2936 studiosos
485 2896 617 2945 qualis
647 2898 785 2935 orator
815 2907 994 2934 summus
1025 2899 1066 2934 et
1094 2895 1417 2945 perfectissimus
1448 2910 1537 2936 esse
1566 2897 1740 2937 deberet
1761 2896 1988 2945 ‚,Oratore“
2010 2895 2150 2937 Cicero
2169 2897 2315 2939 docere
2335 2895 2510 2936 volebat.

251 2959 292 2999 Is
320 2971 436 2999 suum
467 2970 556 2999 esse
587 2958 760 3011 putabat
792 2969 851 3007 ea,
884 2969 989 3010 quae
1019 2959 1170 2998 oratori
1200 2970 1296 2998 vere
1326 2958 1510 3010 perfecto
1541 2959 1772 3011 expetenda
1803 2962 1950 3008 essent,
1982 2959 2198 3001 manifeste
2227 2971 2273 3001 ac
2302 2958 2512 3000 subtiliter

248 3025 405 3062 litteris
434 3024 641 3071 mandare,
673 3027 718 3062 ut
748 3035 827 3062 non
856 3023 974 3062 modo
1004 3024 1043 3061 in
1074 3026 1236 3072 tempus
1265 3035 1476 3072 praesens,
1514 3024 1584 3062 sed
1616 3025 1739 3062 etiam
1769 3025 1808 3062 in
1837 3028 2044 3073 posterum
2073 3025 2124 3064 ab
2154 3024 2338 3064 omnibus
2365 3021 2511 3073 proba-
