2790 3505
1214 154 1455 190 —5—

214 284 484 325 Romanorum
511 278 694 320 cratibus
719 278 865 328 agitur,
891 277 943 318 ad
961 278 1135 319 Brutum
1161 279 1335 331 scripsit.
1391 280 1527 331 Atque
1553 278 1696 320 eadem
1722 279 1774 320 de
1798 292 1919 321 causa
1942 280 2008 321 hic
2027 281 2132 322 liber
2150 283 2370 335 inscriptus
2391 287 2455 324 est

214 347 394 398 „Brutus
422 344 475 385 de
502 344 623 385 claris
650 343 918 384 oratoribus“.
974 343 1032 383 Ac
1060 354 1181 393 quam
1210 344 1408 394 insignem
1437 347 1640 383 oratorem
1661 343 1802 383 Cicero
1826 344 1998 384 Brutum
2027 346 2245 396 existimet,
2274 348 2379 387 libro
2400 348 2454 388 ad

213 414 385 455 Brutum
427 409 579 460 scripto
619 407 798 459 perspici
837 410 987 458 potest.
1052 405 1194 448 Cicero
1233 407 1341 448 enim
1383 407 1609 448 arbitratur
1646 410 1739 458 post
1775 407 1984 448 Hortensii
2027 408 2238 450 clarissimi
2275 412 2451 452 oratoris

212 478 384 517 mortem
417 483 463 513 se
496 475 541 512 et
567 472 739 512 Brutum
774 471 898 511 orbae
933 471 1192 521 eloquentiae
1226 472 1341 522 quasi
1373 475 1532 513 tutores
1568 472 1734 511 relictos
1769 483 1871 511 esse.
1934 472 2080 523 Itaque
2107 473 2278 514 Brutum
2307 475 2452 515 adhor-

211 542 342 586 tatur,
384 539 432 577 ut
467 535 575 576 domi
610 538 755 575 teneat
792 546 881 575 eam
919 537 1104 586 saeptam
1139 534 1302 575 liberali
1339 535 1539 584 custodia,
1580 538 1622 575 et
1659 535 1817 585 ignotos
1854 538 1978 586 atque
2016 536 2274 587 impudentes
2310 550 2455 589 procos

211 601 403 654 repudiet
435 602 685 650 tueaturque
718 602 765 639 ut
797 598 978 638 adultam
1010 599 1208 649 virginem
1244 602 1355 639 caste
1390 602 1432 639 et
1465 599 1516 639 ab
1551 602 1777 640 amatorum
1812 600 1968 650 impetu
1996 600 2223 651 prohibeat.
2279 600 2449 643 Brutum

210 668 336 718 igitur
362 676 436 706 sua
463 662 544 704 frui
571 664 726 703 virtute
754 663 866 714 cupit
895 663 1015 713 eique
1043 665 1159 714 optat
1188 674 1276 703 eam
1305 660 1612 714 rempublicam,
1649 664 1691 703 in
1720 675 1800 714 qua
1828 663 1998 703 duorum
2026 675 2221 714 generum
2250 667 2452 717 amplissi-

210 740 366 770 morum
393 739 591 769 renovare
609 727 845 767 memoriam
874 729 998 777 atque
1017 738 1168 777 augere
1187 727 1326 777 possit.
1382 727 1486 768 Huic
1505 729 1676 767 multum
1696 727 1829 767 laudis
1856 728 2014 776 tribuit,
2045 728 2152 778 quod
2170 732 2249 768 non
2270 730 2448 780 linguam

210 794 326 834 modo
355 792 513 833 acuerit
542 791 836 831 exercitatione
863 790 1037 839 dicendi,
1073 790 1145 831 sed
1175 794 1217 830 et
1244 792 1373 842 ipsam
1403 792 1673 842 eloquentiam
1703 792 2018 842 locupletaverit
2045 793 2272 842 graviorum
2301 794 2449 834 artium

208 859 490 898 instrumento.
547 855 756 904 Simulque
786 866 877 894 eum
905 853 1107 903 admonet,
1137 858 1183 894 ut
1212 867 1255 895 se
1283 856 1325 895 in
1353 856 1435 896 suis
1462 855 1709 906 perennibus
1738 856 1885 896 studiis
1913 856 2132 904 contineat,
2163 868 2215 896 ne
2243 861 2386 907 postea
2409 859 2449 898 in

207 931 377 961 numero
414 930 554 959 eorum
595 922 875 969 patronorum,
919 929 1019 968 quos
1054 919 1094 958 in
1132 919 1202 958 illo
1244 930 1428 959 sermone
1471 919 1733 968 congesserit,
1778 919 1992 959 habeatur.
2056 919 2215 959 Deinde
2250 922 2290 959 in
2323 919 2453 960 Bruto

206 982 420 1025 scribendo
448 981 633 1023 Ciceroni
668 982 710 1021 in
743 982 876 1021 animo
910 981 1036 1022 fuisse
1071 982 1122 1022 ab
1156 982 1339 1022 omnibus
1367 982 1595 1022 oratoribus
1625 986 1667 1022 et
1694 983 1931 1023 vetustioris
1960 986 2003 1022 et
2032 984 2273 1025 recentioris
2301 986 2450 1025 aetatis

205 1060 249 1088 se
287 1046 511 1087 defendere
546 1049 731 1096 apparet.
793 1045 878 1086 Hoc
911 1046 1029 1086 modo
1066 1050 1108 1086 et
1142 1046 1239 1097 quid
1273 1048 1361 1097 ipse
1390 1046 1559 1086 dicendo
1598 1045 1781 1086 efficeret
1817 1050 1860 1086 et
1889 1059 2009 1097 quam
2041 1048 2200 1087 eximiis
2228 1048 2450 1089 virtutibus

204 1110 393 1151 oratoriis
422 1112 543 1158 esset,
572 1109 752 1149 indicare
780 1109 953 1150 volebat.
1010 1110 1233 1161 Praecipue
1262 1113 1399 1150 autem
1427 1120 1595 1149 necesse
1622 1120 1711 1149 esse
1738 1110 2009 1150 contendebat
2035 1114 2238 1151 oratorem
2265 1112 2450 1152 omnibus

203 1175 356 1214 litteris
385 1185 474 1213 esse
503 1173 720 1212 eruditum.
776 1173 953 1212 Putabat
982 1174 1089 1212 enim
1123 1178 1345 1223 praecepta
1373 1185 1398 1212 a
1425 1172 1673 1212 Graecorum
1702 1174 1906 1222 magistris
1934 1174 2095 1214 dicendi
2123 1175 2277 1215 tradita
2302 1176 2448 1225 jejuna

203 1241 327 1289 atque
363 1236 494 1285 arida,
530 1248 555 1276 a
586 1237 671 1275 vita
699 1235 934 1285 quotidiana
968 1236 1104 1276 aliena
1139 1240 1181 1276 et
1217 1237 1344 1276 solum
1380 1235 1541 1276 dicendi
1576 1247 1691 1275 usum
1727 1247 1806 1275 non
1841 1235 2028 1277 sufficere
2064 1237 2115 1276 ad
2150 1237 2257 1278 bene
2286 1238 2448 1278 dicendi

202 1300 440 1342 facultatem
469 1299 804 1350 consequendam.
852 1298 1088 1339 Ciceronem
1108 1300 1240 1350 ipsum
1261 1302 1398 1339 autem
1418 1300 1459 1339 in
1479 1299 1663 1338 omnibus
1683 1300 1913 1339 litterarum
1933 1301 2118 1350 partibus
2138 1301 2449 1352 diligentissime

201 1367 407 1404 versatum
436 1362 562 1403 fuisse
591 1363 749 1402 scimus.
807 1363 958 1410 Quodsi
986 1364 1221 1412 Antistium,
1257 1364 1462 1410 Scaurum,
1494 1362 1721 1410 Curionem,
1752 1364 2010 1413 Torquatum,
2040 1365 2276 1405 Memmium
2308 1377 2449 1416 repre-

200 1427 436 1469 hendendos
465 1438 555 1468 esse
583 1430 735 1475 censet,
765 1425 1025 1467 manifestum
1054 1430 1118 1467 est
1144 1425 1380 1467 Ciceronem
1407 1438 1456 1467 ea
1484 1437 1529 1466 re
1558 1437 1602 1466 se
1629 1426 1761 1477 ipsum
1786 1426 1953 1468 laudare
1975 1431 2016 1468 et
2036 1428 2254 1468 ostendere
2272 1429 2380 1469 velle
2403 1441 2446 1469 se

202 1505 251 1534 ex
288 1491 518 1533 eruditione
553 1494 677 1542 atque
713 1491 898 1531 doctrina
932 1492 1129 1542 majorem
1161 1491 1323 1532 laudem
1353 1503 1473 1542 quam
1502 1491 1694 1541 aequales
1724 1494 1766 1530 et
1795 1495 1993 1540 oratores,
2030 1493 2099 1542 qui
2129 1496 2251 1532 antea
2280 1492 2446 1538 fuerint.

202 1568 291 1597 esse
320 1556 526 1606 adeptum.
582 1556 718 1606 Atque
747 1556 788 1594 in
818 1556 968 1596 Scauro
998 1559 1041 1595 et
1066 1555 1242 1595 Curione
1271 1555 1630 1595 commemorandis
1658 1555 1753 1594 dum
1781 1553 1922 1595 Cicero
1952 1567 2093 1595 causas
2115 1558 2288 1606 quaerit,
2319 1569 2391 1596 cur
2420 1559 2446 1596 ii

201 1620 488 1661 excellentium
517 1622 721 1659 oratorum
750 1619 913 1659 laudem
940 1630 1019 1659 non
1048 1620 1130 1659 sint
1158 1621 1346 1668 assecuti,
1376 1619 1551 1658 maxima
1580 1630 1630 1658 ex
1659 1621 1778 1669 parte
1805 1630 1893 1658 eam
1918 1619 1968 1659 ob
1998 1631 2083 1659 rem
2112 1631 2251 1659 eorum
2279 1620 2446 1670 ‘gloriam

200 1695 289 1724 esse
318 1684 516 1723 minutam
545 1683 757 1734 intelligit,
797 1682 902 1733 quod
932 1683 982 1722 iis
1010 1683 1195 1723 doctrina
1223 1682 1421 1731 defuerit,
1461 1683 1548 1721 sine
1577 1693 1657 1732 qua
1687 1683 1846 1722 etiamsi
1883 1683 1979 1733 quid
2007 1683 2112 1722 bene
2142 1683 2302 1722 dicatur
2331 1684 2445 1734 adJu-

200 1750 321 1787 vante
348 1750 515 1795 natura,
552 1750 688 1786 tamen
717 1747 776 1795 id,
814 1747 909 1796 quia
936 1746 1105 1787 fortuito
1134 1747 1217 1795 fiat,
1247 1759 1408 1798 semper
1437 1749 1624 1797 paratum
1663 1758 1752 1786 esse
1780 1759 1858 1787 non
1894 1748 2034 1797 possit.
2091 1747 2179 1795 Qua
2213 1759 2259 1787 re
2295 1747 2445 1788 factum

198 1822 308 1860 esse,
337 1813 385 1851 ut
415 1808 610 1851 Scaurum
639 1811 932 1859 testimonium,
968 1822 1046 1851 non
1076 1822 1237 1851 causam
1266 1810 1403 1851 dicere
1432 1810 1614 1851 homines
1642 1811 1896 1861 putaverint,
1927 1822 2050 1861 quum
2080 1822 2153 1861 pro
2182 1822 2252 1850 reo
2281 1811 2442 1851 dixerit.

195 1875 255 1913 Ex
298 1875 532 1914 litterarum
574 1878 712 1913 autem
747 1875 925 1924 partium
964 1887 1132 1914 numero
1167 1874 1309 1915 Cicero
1344 1877 1556 1914 enumerat
1593 1874 1822 1923 historiam,
1858 1875 1927 1924 jus
1963 1875 2100 1923 civile,
2137 1875 2441 1925 philosophiam.

197 1938 351 1986 Quibus
393 1940 583 1978 accurate
626 1937 910 1987 cognoscendis
952 1941 1155 1978 oratorem
1197 1949 1362 1989 operam
1396 1937 1495 1977 dare
1531 1940 1722 1987 oportere
1759 1936 1901 1977 Cicero
1939 1937 2175 1977 arbitratur.
2238 1937 2321 1976 Has
2356 1941 2442 1977 tres

193 2001 427 2041 litterarum
454 2004 595 2052 partes
624 2001 713 2051 ipse
741 2001 960 2051 diligenter
989 2004 1238 2041 tractaverat
1258 2004 1300 2041 et
1329 2002 1370 2040 in
1398 2001 1481 2040 illis
1498 2001 1590 2051 plus
1611 2012 1730 2050 quam
1758 2012 1897 2040 omnes
1917 2005 2100 2041 oratores
2120 2012 2162 2040 se
2183 2005 2441 2040 consecutum

195 2076 285 2105 esse
317 2065 502 2115 putabat.
565 2065 681 2112 Quod
717 2066 870 2115 optime
904 2066 1168 2115 intelligimus
1205 2077 1253 2105 eo
1290 2066 1377 2105 loco
1412 2064 1549 2113 Bruti,
1591 2076 1669 2114 quo
1705 2062 1845 2104 Cicero
1882 2077 1973 2105 cum
2007 2065 2184 2115 Sulpicio
2220 2063 2440 2104 confertur.

191 2128 328 2180 Atque
356 2128 554 2180 quomodo
581 2129 861 2180 philosophiae
882 2128 1028 2183 studiis
1048 2129 1211 2170 deditus
1230 2127 1356 2169 fuerit
1374 2139 1689 2169 commemorans
1708 2128 1888 2169 ostendit
1908 2140 1951 2169 se
1971 2129 2160 2177 Platonis,
2191 2128 2438 2176 Aristotelis,

193 2193 462 2243 Theophrasti
496 2193 630 2233 studio
663 2194 762 2242 vim,
801 2194 974 2243 copiam,
1009 2193 1307 2243 Jucunditatem
1343 2192 1503 2232 dicendi
1539 2192 1615 2232 sibi
1650 2193 1869 2242 paravisse.
1927 2193 2081 2240 Quibus
2115 2192 2237 2231 rebus
2266 2193 2442 2231 oratoris

192 2255 366 2296 virtutes
402 2257 675 2296 continentur.
737 2256 834 2296 Illas
869 2260 1007 2297 autem
1043 2260 1129 2297 tres
1163 2269 1231 2297 res
1267 2258 1308 2297 in
1341 2258 1452 2297 nullo
1487 2257 1566 2296 alio
1595 2259 1757 2296 oratore
1786 2260 1869 2296 tam
1898 2257 2107 2306 praeclare
2136 2256 2246 2295 inter
2274 2268 2319 2296 se
2349 2268 2441 2296 con-

188 2319 351 2369 junctas
394 2331 484 2360 esse
519 2318 661 2360 Cicero
704 2320 909 2360 censebat.
972 2320 1195 2361 Praeterea
1236 2322 1277 2360 in
1318 2320 1597 2372 philosophiae
1640 2319 1785 2359 studiis
1828 2318 2186 2359 commemorandis
2233 2320 2442 2370 explicare

192 2382 330 2422 studet
371 2383 735 2434 peripateticorum
778 2387 821 2423 et
862 2383 1183 2423 academicorum
1224 2387 1383 2424 tantum
1418 2384 1712 2434 philosophiam
1756 2384 1906 2421 oratori
1947 2383 2038 2421 usui
2080 2393 2181 2430 esse,
2222 2383 2441 2422 stoicorum

191 2446 445 2498 philosophia
472 2448 697 2487 orationem
723 2447 844 2486 nimis
872 2448 1055 2487 contrahi
1083 2451 1208 2498 atque
1236 2448 1417 2498 astringi.
1475 2447 1589 2495 Quod
1610 2458 1728 2496 quam
1749 2458 1889 2485 verum
1911 2447 1964 2486 sit
1985 2446 2132 2486 Rutilii
2153 2450 2196 2486 et
2216 2446 2442 2487 Tuberonis

193 2511 378 2561 exemplo
405 2510 668 2559 demonstrat,
699 2521 798 2560 quos
825 2509 987 2550 laudem
1017 2511 1234 2550 oratoriam
1262 2510 1370 2550 haud
1398 2510 1642 2560 singularem
1662 2512 1868 2549 assecutos
1887 2513 2040 2549 narrat.
2098 2510 2279 2550 Rutilius
2299 2514 2438 2550 autem

192 2572 232 2610 in
266 2574 439 2623 quodam
473 2575 583 2614 tristi
619 2578 659 2614 et
694 2586 834 2614 severo
869 2585 1020 2623 genere
1056 2574 1216 2613 dicendi
1243 2577 1428 2613 versatus
1465 2577 1539 2613 est.
1597 2573 1698 2613 Sunt
1736 2574 1825 2623 ejus
1854 2573 2060 2613 orationes
2085 2575 2274 2624 jejunae,
2311 2575 2441 2614 multa

191 2636 401 2683 praeclara
436 2640 575 2678 insunt
603 2638 654 2677 de
686 2639 797 2688 jure3
841 2636 982 2676 doctus
1012 2641 1101 2677 erat
1128 2638 1190 2676 vir
1219 2642 1261 2677 et
1289 2636 1457 2676 Graecis
1483 2637 1636 2676 litteris
1665 2636 1862 2685 eruditus,
1891 2637 2079 2677 Panaetii
2108 2638 2282 2686 auditor,
2312 2650 2439 2688 prope

189 2697 396 2748 perfectus
423 2701 465 2742 in
492 2701 648 2751 StoiciS,
679 2712 848 2752 quorum
877 2703 1114 2751 peracutum
1144 2703 1186 2740 et
1214 2700 1314 2740 artis
1342 2700 1507 2751 plenum
1535 2700 1730 2739 orationis
1758 2711 1898 2750 genus,
1929 2704 2068 2740 tamen
2099 2702 2207 2741 exile
2236 2712 2312 2740 nec
2338 2702 2438 2740 satis

189 2762 376 2812 populari
409 2766 632 2806 assensioni
666 2765 1005 2806 accommodatum
1042 2768 1115 2804 est.
1172 2765 1332 2804 Pariter
1366 2768 1504 2803 autem
1538 2775 1584 2803 ac
1612 2764 1791 2803 Rutilius
1819 2765 1931 2804 nullo
1960 2766 2003 2805 in
2031 2768 2239 2805 oratorum
2270 2777 2438 2805 numero

189 2824 268 2865 fuit
287 2826 458 2877 Tubero,
489 2830 559 2880 qui
586 2830 671 2869 vita
699 2841 866 2870 severus
894 2833 937 2869 et
965 2840 1187 2880 congruens
1215 2841 1304 2868 cum
1335 2839 1383 2868 ea
1411 2827 1624 2878 disciplina
1644 2831 1746 2876 erat,
1777 2840 1900 2878 quam
1920 2828 2092 2869 colebat.
2151 2829 2229 2877 Qui
2252 2830 2440 2868 oratione

190 2891 253 2929 est
281 2889 418 2941 durus,
448 2893 637 2943 incultus,
666 2893 870 2942 horridus3
901 2894 974 2934 tali
1002 2893 1118 2934 modo
1143 2893 1361 2934 honoribus
1386 2892 1585 2943 majorum
1604 2892 1855 2944 respondere
1874 2905 1954 2934 non
1974 2894 2122 2944 potuit.
2180 2893 2329 2934 Omnes
2348 2891 2437 2933 fere

189 2952 313 2994 Stoici
340 2956 648 3006 prudentissimi
676 2959 717 2999 in
746 2958 982 2999 disserendo
1011 2961 1104 2998 sunt
1141 2962 1183 2998 et
1210 2957 1251 2998 id
1281 2960 1370 2997 arte
1405 2955 1559 2997 faciunt
1594 2960 1770 3008 suntque
1800 2958 2014 2998 architecti
2042 2969 2174 3008 paene
2205 2957 2434 3005 verborum,

187 3016 310 3056 iidem
339 3018 517 3059 traducti
546 3032 570 3059 a
598 3021 842 3073 disputando
871 3022 921 3062 ad
959 3022 1171 3062 dicendum
1207 3022 1347 3072 inopes
1382 3021 1657 3070 reperiuntur.
1718 3021 1852 3061 Unum
1893 3022 2116 3072 excipimus
2145 3020 2357 3070 Catonem,
2395 3022 2434 3060 in
