2790 3505
1275 160 1517 196 ,6-

260 299 342 337 quo
378 285 680 336 perfectissimo
710 285 844 326 Stoico
880 296 1078 324 summam
1115 286 1391 335 eloquentiam
1426 298 1503 326 non
1533 284 1823 325 desideramus.
1881 285 2034 333 Quodsi
2061 288 2195 328 omnia
2222 299 2247 328 a
2274 287 2525 340 philosophis

264 354 401 390 essent
443 349 642 400 petenda,
682 349 1053 399 Peripateticorum
1088 350 1288 389 institutis
1322 349 1570 390 commodius
1605 348 1829 399 fingeretur
1863 350 2012 397 oratio,
2056 361 2228 401 quorum
2263 352 2306 392 in
2339 351 2552 394 doctrina·

262 418 388 465 atque
417 414 653 464 praeceptis
682 413 912 454 disserendi
940 414 1046 453 ratio
1074 413 1334 463 conjungitur
1363 425 1453 454 cum
1481 414 1686 454 suavitate
1714 412 1876 454 dicendi
1901 416 1945 453 et
1963 413 2094 465 copia.
2150 415 2386 468 Eodemque
2404 415 2523 457 modo

262 481 304 520 in
339 479 469 519 Bruto
508 479 687 530 explicat
722 479 800 519 nisi
836 479 906 529 qui
941 478 1093 518 litteris
1127 477 1297 518 Graecis
1337 478 1518 519 imbutus
1560 480 1614 519 sit
1656 478 1885 530 perfectum
1920 481 2126 520 oratorem
2160 479 2242 522 dici
2276 492 2357 522 non
2389 493 2521 533 posse.

261 545 353 585 Jam
384 555 434 584 ea
464 545 552 594 ipsa
582 555 638 590 re,
669 542 776 593 quod
807 544 848 582 in
868 542 996 582 Bruto
1016 542 1288 582 Romanorum
1318 542 1579 592 eloquentiae
1608 543 1819 583 historiam
1839 541 1954 582 nobis
1973 541 2146 583 tradidit
2163 554 2293 595 pauca
2311 544 2524 597 praefatus

262 609 314 648 de
349 607 599 648 Graecorum
637 607 897 657 eloquentiae
938 606 1126 655 historia,
1164 605 1306 646 Cicero
1342 606 1524 646 declarat
1560 605 1809 647 Graecorum
1845 607 2079 657 eloquentia
2114 610 2275 658 partam
2314 621 2405 652 esse
2441 610 2523 651 elo·

261 674 473 723 quentiam
512 672 796 711 Romanorum.
862 670 1004 711 Multis
1041 674 1261 720 praeterea
1298 669 1417 711 Bruti
1455 670 1571 718 locis,
1616 671 1760 720 quanti
1797 671 1991 712 momenti
2029 669 2278 713 Graecorum
2310 677 2522 715 oratorum

262 737 442 777 studium
472 736 524 775 ad
554 748 670 775 suum
701 736 829 785 ipsius
859 735 1065 785 ingenium
1094 735 1317 774 oratorium
1348 734 1613 774 excolendum
1642 734 1782 782 fuerit,
1813 735 1978 776 indicat.
2034 736 2170 786 Atque
2199 747 2249 776 ex
2279 736 2523 788 Thmydidis

262 801 426 850 scriptis
464 800 666 839 didicerat
704 799 900 848 grandem
938 798 1075 838 verbis
1118 802 1160 837 et
1200 798 1387 837 crebrum
1426 799 1643 838 sententiis
1681 810 1790 845 esse,
1835 799 2012 839 Socratis
2049 800 2212 850 scriptis
2249 799 2522 841 subtilitatem

263 864 465 914 quandam
495 863 731 913 disputandi
761 863 838 902 sibi
868 863 1140 912 quaesiverat,
1171 862 1362 902 Isocratis
1387 862 1638 902 orationibus
1667 862 1932 902 intellexerat
1960 864 2084 903 etiam
2112 864 2152 903 in
2180 864 2313 904 soluta
2337 865 2522 905 oratione

261 931 454 978 oportere
485 928 640 967 servari
676 927 838 966 modum
875 930 1000 976 atque
1030 937 1263 973 numerum,
1301 925 1446 976 Lysiae
1474 926 1727 966 orationibus
1760 926 2034 966 subtilitatem
2068 930 2193 978 atque
2222 927 2410 968 dictionis
2439 928 2523 968 ele-

262 992 442 1042 gantiam
483 991 560 1030 sibi
602 995 832 1041 paraverat.
898 990 1185 1029 Demosthenis
1230 993 1368 1028 autem
1410 989 1677 1038 orationibus,
1722 1001 1843 1040 quem
1886 990 2016 1030 solum
2051 994 2256 1032 oratorem
2293 990 2522 1043 perfectum

262 1056 396 1095 vocari
430 1067 550 1105 posse
583 1055 812 1104 Judicabat,
851 1053 1041 1094 effectum
1081 1059 1162 1101 est,
1202 1057 1246 1094 ut
1275 1053 1418 1093 Cicero
1453 1055 1604 1103 ingenii
1640 1066 1810 1093 acumen
1846 1058 1889 1094 et
1924 1055 2230 1101 sententiarum
2250 1056 2522 1105 granditatem

262 1119 561 1160 consentient-ia
597 1131 687 1159 cum
727 1118 905 1159 dictione
943 1118 1121 1168 eleganti
1157 1121 1282 1168 atque
1318 1129 1460 1168 pressa
1494 1117 1571 1158 sibi
1607 1121 1787 1169 pareret.
1845 1117 1909 1158 Ita
1937 1116 2186 1159 Graecorum
2215 1120 2444 1161 oratoribus
2472 1119 2523 1160 ad

261 1185 424 1224 dicendi
455 1185 727 1223 imitationem
755 1184 975 1233 propositis
1002 1182 1144 1222 Cicero
1174 1184 1213 1221 in
1244 1183 1372 1221 Bruto
1403 1183 1573 1223 docebat
1601 1183 1873 1222 Romanorum
1898 1186 2082 1222 oratores
2110 1184 2260 1223 aetatis
2287 1185 2524 1224 vetustioris

261 1248 370 1289 haud
407 1248 672 1298 negligendos
710 1260 812 1287 esse.
876 1246 1031 1296 Quibus
1066 1246 1171 1297 quod
1210 1248 1250 1287 111
1284 1246 1413 1287 Bruto
1451 1248 1623 1288 multum
1658 1246 1869 1287 tribuebat
1905 1250 1947 1287 et
1981 1246 2254 1288 contendebat
2282 1246 2447 1289 Catonis
2481 1252 2524 1289 et

258 1313 452 1352 Curionis
482 1313 608 1351 libros
638 1313 877 1362 saepissime
906 1311 1125 1351 volvendos
1156 1323 1257 1352 esse.
1289 1322 1337 1350 eo
1366 1312 1614 1361 pertinebat,
1645 1311 1752 1361 quod
1782 1311 1943 1352 illorum
1972 1311 2067 1351 libri
2096 1311 2147 1351 ad
2176 1311 2382 1352 Ciceronis
2410 1312 2523 1362 inge-

260 1377 372 1415 nium
405 1376 670 1415 excolendum
701 1376 874 1414 multum
904 1375 1132 1414 valuerant.
1189 1375 1414 1414 Praeterea
1442 1378 1580 1415 autem
1610 1378 1803 1424 quantam
1824 1375 1904 1414 vim
1931 1376 2099 1425 scriptio
2125 1376 2353 1416 orationum
2372 1375 2523 1415 habeat

262 1440 431 1491 exponit
467 1443 509 1479 et
538 1439 740 1479 Romanos
776 1439 983 1487 hortatur,
1021 1441 1067 1478 ut
1104 1439 1309 1479 orationes
1346 1438 1537 1479 scribant..
1594 1438 1757 1479 Nullam
1788 1439 1894 1479 enim
1924 1450 2010 1479 rem
2040 1443 2200 1480 tantum
2228 1438 2280 1480 ad
2308 1438 2523 1480 dicendum

261 1508 304 1543 et
334 1503 384 1542 ad
414 1503 652 1542 memoriam
681 1504 722 1541 in
752 1506 962 1552 posterum
992 1502 1144 1551 ingenii
1174 1501 1374 1551 proficere
1403 1506 1599 1552 quantum
1629 1503 1904 1553 scriptionem.
1961 1503 2023 1542 De
2049 1504 2246 1543 sermonis
2272 1514 2368 1543 vero
2394 1504 2524 1543 incor-

261 1572 383 1618 rupta
411 1568 650 1616 integritate
678 1570 803 1616 atque
832 1567 1039 1616 elegantia
1066 1567 1220 1615 optime
1248 1566 1439 1606 meritum
1468 1578 1511 1605 se
1533 1577 1623 1605 esse
1643 1569 1897 1615 quantopere
1918 1564 2104 1606 Ciceroni
2122 1565 2250 1606 fuerit
2270 1578 2522 1617 persuasum,

262 1643 310 1672 ea
340 1643 386 1671 re
416 1631 596 1682 perspici
626 1634 775 1681 potest,
815 1629 922 1680 quod
952 1630 992 1669 in
1021 1629 1151 1670 Bruto
1181 1633 1470 1670 commemorat
1497 1628 1552 1668 Μ.
1582 1629 1801 1670 Antonium
1829 1652 1885 1658 —
1912 1640 2033 1680 quem
2062 1633 2266 1670 oratorem
2294 1629 2523 1681 perfectum

260 1695 387 1734 fuisse
429 1698 586 1733 constat
629 1717 677 1723 —
717 1694 940 1743 diligenter
977 1694 1170 1743 loquendi
1208 1693 1329 1733 laude
1368 1694 1559 1732 caruisse.
1624 1693 1677 1733 Se
1715 1694 1847 1742 ipsum
1883 1691 2026 1733 Cicero
2063 1697 2183 1743 putat
2221 1705 2310 1733 eam
2348 1694 2400 1733 ob
2436 1705 2522 1733 rem

259 1769 417 1797 summa
445 1757 566 1797 laude
596 1757 760 1806 dignum
791 1769 893 1804 esse,
925 1756 1032 1807 quod
1063 1755 1252 1809 σχήματα
1283 1760 1325 1796 et
1354 1757 1536 1801 διανοίας
1566 1761 1608 1796 et
1635 1757 1783 1803 λέξεως
1812 1757 1853 1796 111
1887 1755 2060 1796 dicendo
2088 1756 2295 1797 adhibeat.
2352 1757 2525 1798 Praeter

259 1821 418 1872 pondus
463 1825 505 1861 et
541 1822 785 1871 gravitatem
822 1822 863 1860 in
901 1824 1064 1860 oratore
1101 1824 1243 1860 censet
1275 1824 1467 1871 oportere
1505 1832 1593 1861 esse
1630 1821 1775 1869 salem,
1815 1819 2003 1869 facetias,
2044 1820 2239 1871 leporem.
2303 1821 2523 1862 scurrilem

259 1890 399 1925 autem
437 1886 620 1935 leporem
656 1889 863 1924 oratorum
901 1886 1080 1924 inanium
1116 1885 1383 1925 vehementer
1418 1885 1567 1934 rejicit.
1630 1885 1774 1934 Neque
1811 1886 1925 1935 parvi
1960 1885 2155 1925 momenti
2190 1884 2242 1925 ad
2270 1885 2524 1926 audientium

259 1951 415 1989 animos
446 1953 488 1989 et
519 1948 825 1989 inflammandos
852 1953 893 1989 et
924 1948 1147 1989 flectendos
1173 1950 1374 1989 actionem
1402 1961 1492 1989 esse
1519 1949 1738 1996 existimat,
1769 1960 1875 1999 quae
1900 1960 1979 1989 non
2005 1949 2134 1989 solum
2160 1960 2269 1997 voce,
2299 1949 2372 1989 sed
2399 1950 2523 1989 etiam

259 2014 441 2064 corporis
470 2017 591 2063 gestu
621 2017 792 2054 constet..
849 2014 985 2064 Atque
1014 2013 1066 2053 de
1088 2025 1184 2053 voce
1214 2013 1407 2054 nonnulla
1435 2016 1658 2064 praecepta
1683 2012 1812 2053 tradit
1838 2024 2009 2053 narrans
2036 2023 2080 2053 se
2100 2012 2233 2063 ipsum
2254 2013 2371 2054 initio
2390 2014 2524 2054 omnia

259 2079 347 2118 sine
384 2079 625 2118 remissione
661 2079 700 2117 vi
737 2090 893 2118 summa
919 2079 1028 2117 vocis
1065 2081 1108 2118 et
1143 2079 1270 2117 totius
1306 2079 1485 2128 corporis
1521 2078 1783 2117 contentione
1820 2077 1989 2125 dixisse,
2026 2078 2170 2127 postea
2198 2076 2370 2118 Molonis
2397 2088 2524 2128 opera

260 2142 561 2183 redundantem
592 2154 636 2183 se
667 2145 709 2182 et
738 2141 1060 2194 superfluentem
1086 2142 1259 2192 juvenili
1288 2141 1463 2193 quadam
1492 2141 1654 2182 dicendi
1684 2141 1928 2192 impunitate
1955 2144 1998 2181 et
2024 2140 2192 2182 licentia
2220 2152 2454 2192 repressum
2481 2144 2523 2182 et

260 2208 376 2256 quasi
414 2210 542 2255 extra,
569 2207 680 2257 ripas
717 2205 975 2245 diffluentem
1012 2207 1232 2246 coercitum
1269 2218 1371 2246 esse.
1429 2206 1518 2253 Qua
1554 2207 1596 2245 in
1630 2217 1676 2245 re
1704 2204 1847 2245 Cicero
1875 2205 2141 2245 Demostheni
2174 2206 2416 2253 assentitur,
2454 2206 2524 2254 qui

262 2271 448 2321 primum,
486 2270 723 2319 secundum,
760 2270 930 2309 tertium
960 2270 1112 2310 oratori
1141 2271 1344 2310 actionem
1374 2281 1464 2310 esse
1494 2269 1667 2309 dixerat.
1724 2269 1846 2310 Nulla
1876 2269 1983 2310 enim
2011 2280 2057 2312 re
2086 2269 2341 2312 audientium
2370 2270 2525 2310 animos

262 2335 390 2383 magis
421 2333 663 2374 inflammari
692 2334 887 2383 nullaque
918 2345 963 2373 re
992 2336 1176 2373 oratores
1206 2335 1333 2383 magis
1362 2334 1421 2373 ita
1448 2333 1596 2382 videri,
1632 2336 1679 2373 ut
1708 2334 1786 2384 ipsi
1813 2333 1947 2374 videri
1976 2334 2142 2374 vellent.
2199 2333 2425 2384 Praecipue
2454 2333 2525 2373 de-

262 2398 387 2447 nique
417 2401 587 2447 propter
615 2398 799 2438 laborem
830 2397 1034 2437 forensem
1063 2397 1155 2437 aliis
1184 2397 1369 2437 omnibus
1390 2397 1619 2437 oratoribus
1644 2397 1973 2447 anteponendum
1999 2409 2044 2438 se
2064 2409 2154 2438 esse
2174 2408 2309 2448 neque
2336 2397 2418 2437 ullo
2437 2397 2524 2438 loco

261 2461 340 2501 nisi
369 2460 410 2500 in
439 2460 525 2501 foro
555 2465 763 2502 oratorem
800 2461 971 2512 gloriam
1008 2460 1179 2512 adipisci
1215 2472 1334 2511 posse
1368 2461 1659 2502 arbitrabatur.
1716 2461 1861 2512 Itaque
1890 2461 2123 2510 Isocratem,
2153 2460 2327 2513 Lysiam,
2357 2460 2525 2502 Demet-

261 2525 387 2573 rium,
428 2524 482 2563 M.
511 2525 717 2574 Pisonem,
759 2524 802 2565 C.
833 2525 1100 2566 Censorinum
1135 2526 1176 2565 in
1212 2529 1418 2566 oratorum
1455 2525 1730 2576 perfectorum
1765 2537 1979 2567 numerum
2015 2537 2093 2566 non
2123 2524 2363 2567 referendos
2391 2525 2522 2566 docet.

262 2589 372 2637 Quos
399 2600 541 2629 omnes
567 2590 728 2629 labores
755 2602 801 2630 ac
826 2591 1035 2630 molestias
1060 2589 1244 2630 forenses
1264 2589 1428 2640 fugisse.
1485 2591 1655 2631 Prorsus
1675 2591 1797 2631 aliter
1817 2602 1860 2631 se
1881 2591 2013 2641 ipsum
2035 2591 2179 2641 egisse,
2209 2601 2333 2640 quum
2353 2589 2524 2631 dicendo

262 2652 559 2703 rempublicam
580 2654 818 2703 saepissime
838 2653 1072 2695 defenderit
1092 2666 1139 2694 ac
1158 2655 1288 2695 tuitus
1309 2655 1374 2695 sit.
1431 2654 1568 2695 Solum
1588 2656 1714 2705 igitur
1733 2667 1777 2696 sc
1798 2666 1887 2696 esse
1908 2659 2124 2704 oratorem,
2154 2654 2225 2705 qui
2243 2654 2295 2695 de
2315 2655 2526 2706 republica

262 2717 417 2767 optime
455 2717 509 2757 sit
544 2718 730 2757 meritus.
794 2718 984 2758 Isocratis
1019 2719 1267 2759 mentionem
1303 2717 1419 2766 facit,
1465 2719 1546 2768 qui,
1584 2730 1827 2770 quamquam
1862 2730 2032 2770 magnus
2066 2721 2204 2759 orator
2239 2721 2282 2758 et
2315 2717 2525 2770 perfectus

263 2781 479 2830 magister,
518 2785 659 2821 tamen
688 2781 842 2821 forensi
871 2782 960 2821 luce
990 2783 1133 2822 caruit.
1191 2783 1248 2822 Ac
1277 2783 1367 2834 pari
1402 2783 1520 2822 modo
1549 2783 1711 2833 Lysiam
1740 2786 2040 2831 commemorat,
2071 2783 2142 2832 qui
2171 2784 2334 2833 egregie
2362 2783 2525 2824 subtilis

263 2845 438 2895 scriptor
468 2849 594 2895 atque
625 2846 793 2895 elegans
824 2845 863 2885 in
893 2846 1024 2885 causis
1052 2845 1282 2886 forensibus
1309 2849 1494 2887 versatus
1523 2858 1602 2886 non
1630 2851 1705 2887 est.
1763 2846 1990 2897 Majoribus
2009 2849 2147 2887 autem
2174 2846 2363 2887 laudibus
2381 2845 2524 2886 Cicero

261 2911 395 2947 artem
425 2920 538 2948 suam
569 2909 610 2949 in
640 2910 773 2949 causis
801 2908 977 2959 publicis
1006 2912 1231 2960 spectatam
1261 2909 1410 2949 efferre
1440 2921 1518 2950 non
1548 2914 1685 2961 potest
1714 2921 1835 2961 quam
1866 2921 1913 2949 eo
1942 2910 2028 2950 1000
2057 2921 2136 2961 quo
2165 2910 2216 2950 de
2243 2910 2375 2962 prima
2403 2920 2525 2950 causa

263 2970 426 3021 publica
446 2985 520 3023 pro
541 2974 633 3013 Sex.
664 2974 809 3013 Roscio
829 2973 940 3013 dicta
960 2973 1086 3013 verba
1105 2973 1215 3013 facit.
1265 2975 1393 3021 Quam
1409 2975 1634 3014 orationem
1650 2974 1750 3014 dicit
1765 2977 1923 3014 tantum
1940 2974 2299 3014 commendationis
2320 2972 2522 3022 habuisse,

263 3040 309 3075 ut
340 3049 417 3076 non
448 3038 530 3077 ulla
561 3050 682 3078 causa
711 3037 838 3078 fuerit
871 3049 978 3088 quae
1007 3050 1085 3077 non
1116 3037 1236 3086 digna
1265 3049 1337 3077 suo
1366 3039 1591 3088 patrocinio
1619 3038 1799 3078 visa'sit.
