2790 3505
1187 135 1426 173 -9-

195 269 349 314 rentur,
378 273 502 315 quum
528 262 772 314 praesertim
800 261 1050 313 intelligeret
1076 259 1164 302 fore
1190 264 1238 302 ut
1255 261 1379 303 rebus
1397 261 1647 313 reipublicae
1674 274 1839 313 prorsus
1857 264 2025 304 mutatis
2044 263 2168 305 etiam
2187 264 2423 316 eloquentia

194 332 317 384 plane
341 328 583 368 mutaretur.
637 324 773 365 Etiam
800 336 848 365 eo
876 325 1051 376 denique
1079 324 1131 364 ad
1158 324 1425 374 „Oratorem“
1453 324 1710 366 scribendum
1737 327 1933 377 impulsus
1959 329 2034 375 est,
2063 323 2177 378 quod·
2194 329 2350 379 proelio
2368 327 2420 368 ad

195 394 399 444 Thapsum
430 400 534 430 anno
569 388 875 439 quadragesimo
908 392 1024 430 sexto
1058 388 1267 429 commisso
1293 390 1405 430 nulla
1432 390 1519 440 jam
1547 400 1641 440 spes
1668 389 1918 440 reipublicae
1952 391 2249 433 conservandae
2275 392 2423 432 relicta

197 458 297 505 erat,
326 464 408 506 qua
434 453 477 494 in
492 451 622 494 Bruto
648 452 859 494 scribendo
886 452 1023 504 aliqua
1051 463 1101 493 ex
1128 455 1247 504 parte
1273 452 1417 494 saltem
1443 455 1533 494 erat
1551 450 1734 494 affectus.
1791 452 1879 502 Qua
1897 464 1943 494 re
1962 452 2103 495 Cicero
2123 454 2420 506 impellebatur,

196 524 242 561 ut
269 530 295 559 a
320 517 495 567 negotiis
529 517 702 567 publicis
737 528 781 556 se
814 519 1044 556 removeret
1078 520 1121 556 et
1153 516 1269 555 libris
1302 517 1524 556 scribendis
1558 527 1724 567 operam
1759 517 1895 565 daret,
1937 520 1984 556 ut
2019 518 2093 556 hoc
2128 518 2273 558 saltem
2304 508 2422 558 modo

196 582 356 636 patriae
381 579 608 631 prodesset.

386 644 452 685 Ita
486 646 699 696 postquam
739 644 884 696 quibus
921 644 973 684 de
1010 645 1141 684 causis
1174 643 1316 684 Cicero
1350 647 1442 695 post
1479 643 1604 685 libros
1638 643 1690 684 de
1728 646 1889 684 oratore
1925 644 2056 684 editos
2095 644 2217 685 etiam
2250 645 2422 686 Brutum

197 709 406 761 scripserit
435 711 477 748 et
505 708 719 749 Oratorem
746 708 927 748 breviter
956 708 1222 759 exposuimus,
1252 710 1424 758 apparet
1451 708 1523 748 hos
1549 708 1649 748 duos
1676 708 1801 748 libros
1829 720 1854 748 a
1888 708 2003 748 libris
2032 708 2083 748 de
2110 712 2273 749 oratore
2303 709 2423 749 editis

197 773 362 815 minime
389 771 660 823 sejungendos
687 782 789 821 esse,
818 771 890 812 sed
919 772 999 812 tria
1027 771 1098 812 illa
1124 782 1249 822 opera
1276 771 1478 812 artissime
1505 772 1613 812 inter
1641 782 1731 812 sese
1760 771 1991 812 cohaerere.
2047 771 2182 822 Atque
2210 772 2267 813 sic
2288 775 2423 813 statuo

198 838 297 878 duos
331 836 422 877 illos
454 835 597 885 libros,
631 835 803 876 Brutum
832 839 875 876 et
903 836 1130 884 Oratorem,
1167 846 1409 885 quamquam
1441 836 1578 876 multis
1612 837 1709 876 locis
1745 835 1888 876 eadem
1923 846 2028 886 quae
2061 835 2156 875 libri
2183 835 2234 876 de
2262 840 2423 877 oratore

199 900 300 943 editi
326 911 399 941 nos
426 900 609 950 doceant,
637 903 774 941 tamen
803 900 853 940 ad
881 902 1034 941 animos
1061 899 1221 940 dicendi
1248 898 1517 939 studiosorum
1546 900 1668 940 etiam
1696 900 1823 950 magis
1843 899 2083 940 excolendos
2102 899 2267 940 idoneos
2285 899 2423 941 fuisse.
