2790 3505
1265 180 1320 186 .-
1376 160 1398 196 2
1453 180 1508 186 .-

1232 225 1249 259 9

250 290 442 339 poneret,
479 299 552 328 nos
585 299 666 328 non
702 285 818 337 fugit.
875 284 1021 337 Neque
1050 284 1241 336 dubitare
1278 297 1510 337 possumus,
1549 284 1646 337 quin
1675 283 1861 326 Ciceroni
1889 285 2101 328 historiam
2129 286 2399 329 Romanorum
2427 286 2516 329 elo·

252 353 447 404 quentiae
485 352 683 394 scribenti
721 352 762 392 in
801 350 935 391 animo
974 349 1102 391 fuerit
1140 349 1360 391 secundum
1398 354 1624 403 praecepta
1660 350 1839 391 oratoria
1875 350 1917 392 in
1951 350 2069 393 libris
2102 351 2155 394 de
2189 355 2352 394 oratore
2387 350 2517 395 editis

248 417 403 457 tradita
437 417 618 457 omnium
642 417 914 456 Romanorum
949 418 1157 454 oratorum
1193 426 1405 454 censuram
1434 414 1656 466 diligenter
1682 427 1817 465 agere.
1874 415 2003 456 Nemo
2029 416 2138 456 enim
2166 427 2357 468 umquam
2381 419 2508 458 anteo.

251 493 353 532 opus
378 484 627 532 perpetuum
655 484 697 521 et
722 480 935 520 historiam
957 482 1000 519 et
1025 479 1189 519 litteras
1208 479 1484 530 complectens
1504 478 1748 529 confecerat,
1778 491 1897 520 nemo
1916 483 2039 521 antea
2057 479 2109 521 ad
2127 480 2291 523 litteras
2309 481 2517 524 Romanas

250 545 482 586 accuratius
517 543 815 596 cognoscendas
844 543 1127 594 adjumentum
1155 542 1418 593 praebuerat.
1476 542 1674 584 Omnibus
1702 544 1809 584 enim
1838 544 1937 584 locis
1963 543 2096 593 Bruti,
2132 543 2508 595 quibus,convenit',

249 609 393 649 Cicero
428 610 662 650 litterarum
697 611 839 658 partes
874 607 955 647 arti
991 606 1154 647 dicendi
1189 606 1383 648 finitimas
1418 607 1598 658 respicit.
1661 603 1724 648 ad
1760 608 1866 649 hunc
1900 612 2038 649 autem
2071 607 2222 650 librum
2251 608 2508 651 scribendum

248 673 354 713 libro
396 672 650 724 potissimum
692 671 829 711 annali
864 671 994 711 Attici
1037 671 1145 710 viros
1188 671 1297 710 inter
1330 671 1530 711 Romanos
1564 671 1740 710 maxime
1778 672 2028 712 excellentes
2063 671 2179 713 brevi
2213 671 2255 712 in
2289 675 2514 724 conspeetu

248 741 428 787 ponente
457 739 701 776 commotum
730 748 775 775 se
806 747 895 775 esse
925 734 1067 774 Cicero
1104 735 1193 784 ipse
1221 734 1452 774 confitetur.
1510 735 1639 782 Quem
1668 735 1817 775 librum
1845 738 2046 777 maximae
2074 736 2246 777 utilitati
2275 736 2353 776 sibi
2380 735 2512 777 fuisse

248 800 391 842 Cicero
426 800 527 841 satis
561 800 782 851 perspicue
818 799 1016 847 ostendit,
1056 810 1180 850 quum
1216 798 1345 839 Bruto
1380 802 1601 851 praesente
1637 810 1681 839 se
1718 803 1905 850 excuset,
1945 800 2054 853 quod
2086 800 2282 853 plurimas
2314 811 2383 843 res
2414 799 2516 841 huic*

249 865 425 904 sermoni
454 865 588 904 minus
617 868 736 914 aptas
764 863 925 902 afferat.
983 861 1110 912 Cujus
1135 864 1200 902 rei
1229 864 1390 913 culpam
1408 864 1547 902 Attico
1565 863 1723 909 tribuit,
1755 864 1824 913 qui
1844 875 1890 903 se
1909 865 2047 904 studio
2063 865 2283 905 illustrium
2300 864 2512 905 hominum-

248 932 410 968 aetates
450 932 493 968 et
528 933 716 978 tempora
751 927 1027 978 persequendi
1064 926 1389 967 inflammaverit.
1453 927 1588 967 Etiam
1624 927 1698 967 hoc
1733 928 1867 977 magni
1905 923 1995 968 erat
2029 928 2242 976 momenti,
2282 926 2390 978 quod
2421 927 2507 978 jam

247 992 493 1033 Aristoteles
534 995 627 1043 post
670 991 836 1040 librum,
882 991 951 1041 qui
981 988 1175 1045 ῥητορική
1209 990 1461 1040 inscribitur,
1506 990 1664 1031 editum
1701 1001 1802 1042 opus
1837 990 2088 1041 confecerat,
2131 991 2239 1044 quod
2272 989 2517 1032 inscribitur

245 1061 400 1107 τεχνῶν
430 1056 654 1109 συναγωγή,
683 1068 763 1106 quo
790 1059 975 1095 oratores
995 1059 1225 1106 temporum
1247 1056 1457 1095 ordinibus
1477 1056 1673 1106 spectatis
1694 1060 1907 1095 enumerat
1927 1068 1973 1095 ac
1992 1057 2216 1107 superioris
2232 1057 2329 1096 libri
2348 1055 2508 1096 ratione

246 1121 389 1161 habita
424 1121 635 1171 dijudicat.
700 1120 895 1160 Varronis
937 1131 1098 1170 quoque
1135 1119 1320 1160 doctrina
1355 1118 1540 1160 Ciceroni
1575 1121 1748 1160 multum
1789 1120 1956 1172 profuit.
2020 1119 2124 1161 Nam
2160 1120 2267 1161 hunc
2301 1120 2344 1161 in
2378 1119 2508 1161 Bruto

245 1196 384 1225 rerum
422 1184 683 1234 antiquarum
720 1184 889 1224 literate
925 1184 1104 1234 peritum
1134 1183 1241 1223 haud
1271 1195 1363 1223 raro
1392 1195 1436 1223 se
1471 1187 1684 1235 praestare
1713 1184 1908 1229 videmus.
1966 1184 2047 1225 Sed
2074 1186 2244 1235 praeter
2270 1182 2372 1224 inud
2399 1182 2507 1233 quod

245 1261 370 1298 supra
403 1247 805 1288 cdmmemoravimus
834 1247 1060 1287 Ciceronen
1096 1248 1137 1286 in
1166 1247 1295 1287 Bruto
1328 1234 1547 1287 'scribendo
1582 1249 1707 1288 etiam
1740 1249 1822 1288 alia
1855 1249 1986 1288 multa
2012 1251 2220 1299 spectasse
2248 1248 2506 1298 perspicuum

246 1317 321 1353 est.
380 1312 494 1360 Quae
522 1323 599 1362 per
626 1315 759 1352 totum
789 1311 939 1351 librum
968 1311 1153 1361 cognosci
1181 1315 1362 1361 possunt.
1419 1311 1532 1352 Haec
1561 1315 1699 1352 autem
1728 1316 1775 1352 ut
1804 1312 2082 1363 intelligamus
2108 1314 2234 1362 atque
2259 1313 2376 1352 recte
2400 1310 2508 1361 diju-

244 1376 438 1423 dicemus,
470 1386 520 1415 ea
549 1378 748 1426 tempora,
779 1375 928 1425 quibus
956 1374 1110 1414 Brutus
1140 1375 1316 1425 scriptus
1344 1376 1409 1424 sit,
1440 1374 1736 1415 consideranda
1764 1375 1881 1415 nobis
1900 1379 2006 1415 sunt.
2062 1375 2178 1415 Anno
2197 1374 2515 1425 quadragesimo·

245 1444 361 1480 sexto
405 1441 643 1490 priusquam
685 1439 842 1490 proelio
885 1439 936 1478 ad
972 1439 1176 1489 Thapsum
1219 1440 1432 1480 commisso
1474 1439 1628 1480 bellum
1665 1439 1706 1479 in
1741 1438 1880 1480 Africa
1919 1442 2079 1490 gestum
2117 1439 2170 1480 ad
2205 1440 2360 1480 exitum
2396 1442 2507 1479 esset

245 1503 412 1543 ductum
442 1507 484 1543 et
514 1502 701 1543 Caesaris
728 1514 795 1542 res
816 1501 1021 1542 ‘florerent
1050 1506 1093 1542 et
1126 1502 1359 1553 respublica
1387 1503 1520 1542 libera
1548 1502 1777 1552 deleretur,
1815 1502 1958 1543 Cicero
1992 1502 2251 1553 intelligebat
2279 1502 2506 1543 orationem

244 1567 448 1607 forensem
478 1579 557 1606 non
582 1568 668 1616 jam
699 1578 748 1606 ea
776 1567 1024 1606 auctoritate
1053 1577 1100 1605 ac
1128 1567 1349 1615 gravitate,
1381 1578 1461 1615 qua
1489 1570 1628 1615 antea,
1660 1578 1750 1606 esse
1779 1566 1971 1606 futuram.
2027 1566 2174 1616 Itaque
2202 1577 2326 1616 quum
2355 1577 2406 1606 ex
2436 1578 2507 1606 ex·

244 1631 334 1670 silio
369 1630 562 1670 rediisset
602 1634 646 1670 et
686 1632 857 1680 propter
890 1629 1148 1679 gravissimos
1184 1630 1437 1680 reipublicae
1473 1641 1588 1670 casus
1623 1630 1857 1670 vehementi
1895 1629 2034 1670 dolore
2074 1633 2184 1670 esset
2222 1628 2413 1678 affectus,
2453 1629 2506 1670 ad

243 1695 478 1735 litterarum
509 1693 646 1735 studia
675 1705 719 1734 se
749 1694 934 1734 contulit.
990 1692 1127 1744 Atque
1158 1693 1217 1733 ita
1250 1693 1517 1744 intelligimus
1545 1692 1783 1734 Ciceronem
1811 1693 2023 1745 scripsisse
2050 1693 2225 1734 Brutum
2252 1692 2507 1744 reipublicae

243 1758 475 1799 conditione
510 1762 693 1798 coactum
730 1759 814 1798 otio
850 1769 941 1798 sese
977 1756 1144 1798 dedere.
1201 1758 1447 1797 Per‘totum
1478 1759 1585 1798 enim
1613 1758 1763 1798 librum
1792 1769 1913 1809 quam
1941 1759 1995 1798 sit
2023 1758 2131 1798 male
2159 1757 2334 1798 affectus
2362 1756 2510 1798 Cicero

243 1835 288 1863 ac
318 1824 452 1863 tristis
480 1822 676 1864 videmus.
733 1823 982 1873 Magnopere
1011 1822 1176 1872 angitur
1204 1822 1350 1870 animo,
1380 1834 1460 1862 non
1488 1823 1657 1871 consilii,
1687 1834 1766 1862 non
1794 1823 1959 1873 ingenii,
1989 1834 2069 1863 non
2096 1822 2357 1864 auctoritatis
2380 1822 2505 1863 armis

244 1898 368 1937 egere
396 1887 706 1938 rempublicam,
737 1898 842 1938 quae
872 1886 1074 1927 didicerat
1102 1889 1284 1926 tractare
1313 1886 1543 1937 quibusque
1571 1898 1616 1927 se
1644 1885 1942 1936 adsuefecerat,
1976 1898 2164 1937 quaeque
2194 1889 2313 1927 erant
2340 1886 2517 1937 propria.

243 1963 366 2002 quum
410 1951 662 2003 praestantis
706 1952 748 1991 in
789 1951 1003 2002 republica
1043 1950 1121 1990 viri
1162 1953 1250 1990 tum
1291 1950 1397 1990 bene
1432 1954 1615 1991 moratae
1653 1954 1695 1991 et
1729 1950 1835 1991 bene
1870 1951 2118 1991 constitutae
2152 1951 2341 1991 civitatis.
2404 1949 2515 2002 Ejus<

243 2016 416 2056 multum
447 2016 652 2056 intererat
681 2016 915 2066 aequalium
944 2016 1099 2055 animos
1128 2014 1380 2055 inflammare
1410 2027 1550 2056 eorum
1578 2019 1809 2066 temporum
1837 2027 1988 2063 amore,
2023 2015 2171 2066 quibus
2199 2015 2399 2064 oratione,
2425 2025 2505 2056 non

242 2080 376 2130 gladio
413 2080 670 2131 reipublicae
707 2081 816 2120 salus
850 2079 1160 2131 dijudicaretur.
1217 2080 1403 2134 Apparet
1437 2081 1550 2120 illum
1581 2079 1746 2120 efficere
1774 2080 1968 2128 voluisse,
2003 2082 2051 2120 ut
2078 2091 2146 2120 ars
2173 2079 2336 2120 dicendi
2364 2079 2418 2120 ad
2444 2080 2505 2120 in-

240 2146 412 2185 teritum
441 2156 566 2185 ruens
594 2156 736 2185 rursus
766 2145 1013 2185 auctoritate
1042 2143 1221 2184 floreret.
1279 2144 1394 2192 Quod
1423 2156 1471 2185 ea
1497 2157 1542 2184 re
1568 2146 1723 2210 optime
1743 2144 1906 2195 assequi
1928 2147 2105 2195 poterat,
2135 2143 2242 2195 quod
2262 2144 2504 2195 aequalibus

243 2210 419 2249 omnium
449 2213 659 2249 oratorum
688 2210 924 2249 memoriam
953 2219 1169 2256 renovare,
1201 2211 1407 2248 oratorum
1436 2209 1708 2248 Romanorum
1739 2208 1876 2248 studia
1904 2209 2105 2257 excitare,
2134 2208 2298 2259 patriae
2325 2218 2503 2248 amorem

243 2274 513 2312 Romanorum
544 2273 779 2320 incendere,
810 2272 1043 2322 superbiam
1074 2283 1213 2311 eorum
1243 2273 1356 2312 alere
1386 2273 1590 2312 studebat.
1647 2272 1734 2312 Hoc
1762 2276 1901 2312 autem
1929 2272 2047 2312 modo
2075 2272 2277 2312 Romanos
2304 2272 2347 2312 in
2373 2272 2516 2312 Bruto

242 2337 461 2377 adhortans
497 2349 544 2376 ac
581 2336 732 2376 decens
767 2334 909 2376 Cicero
945 2348 989 2375 se
1026 2336 1158 2386 ipsum
1194 2336 1422 2376 imitatione
1458 2335 1738 2386 dignissimum
1774 2347 1863 2376 esse
1898 2339 2102 2376 oratorem
2136 2338 2272 2386 putat3
2307 2338 2440 2385 atque.
2461 2335 2504 2375 id

242 2401 395 2451 optimo
420 2401 527 2451 Jure,
558 2401 655 2451 quia
684 2411 733 2440 ex
763 2400 1034 2440 Romanorum
1065 2399 1295 2440 oratoribus
1322 2399 1431 2440 haud
1460 2399 1585 2440 dubie
1613 2399 1938 2451 perfectissimus
1966 2402 2057 2439 erat
2087 2402 2129 2439 et
2156 2397 2319 2440 dicendi
2346 2399 2504 2450 copiam

242 2466 353 2504 inter
389 2465 583 2515 populum
612 2465 838 2504 Romanum
874 2476 953 2504 non
989 2463 1107 2503 modo
1136 2464 1374 2511 illustravit,
1412 2464 1485 2504 sed
1515 2465 1639 2504 etiam
1668 2466 1822 2514 genuit.
1880 2463 1994 2512 Quod
2024 2464 2164 2504 multis
2191 2463 2288 2504 libri
2315 2464 2416 2509 locis
2443 2464 2516 2504 in·-

240 2529 478 2579 telligimus.
534 2528 692 2579 Magnis
718 2541 762 2569 se
786 2528 977 2569 laudibus
1005 2526 1128 2568 effert
1155 2530 1270 2568 certe
1297 2539 1340 2568 se
1361 2532 1404 2568 et
1423 2528 1518 2569 boni
1537 2528 1693 2579 aliquid
1712 2528 1902 2569 attulisse
1926 2528 2149 2579 juventuti,
2178 2526 2504 2579 magnificentius

240 2604 361 2643 qnam
391 2591 521 2633 fuerit
549 2603 676 2643 genus
704 2592 866 2633 dicendi
897 2596 940 2633 et
968 2591 1171 2639 ornatius;
1211 2594 1254 2632 et
1282 2592 1467 2632 nocuisse
1496 2591 1682 2641 fortasse,
1719 2591 1828 2643 quod
1855 2594 2020 2633 veteres
2048 2592 2255 2633 orationes
2289 2594 2382 2642 post
2410 2602 2512 2632 suasv

240 2670 264 2696 a
299 2658 511 2707 plerisque
548 2658 631 2706 legi
665 2658 747 2696 sint
781 2657 952 2696 desitae.
1009 2657 1235 2695 Praeterea
1269 2660 1407 2695 autem
1439 2655 1627 2696 Crassum
1663 2656 1833 2696 laudans
1867 2657 1924 2696 sic
1953 2657 2163 2696 existimat
2190 2655 2302 2695 illius
2329 2655 2504 2696 oratoris

240 2721 388 2760 merito
418 2719 583 2761 dicendi
612 2719 760 2759 Latine
789 2721 959 2770 primam
988 2719 1273 2759 maturitatem
1309 2719 1516 2759 exstitisse
1547 2723 1589 2759 et
1620 2720 1707 2770 jam
1734 2719 1787 2759 ad
1815 2731 2015 2760 summum
2048 2730 2181 2770 paene
2210 2729 2302 2759 esse
2329 2718 2503 2770 perduc-

240 2789 337 2833 tam,
368 2788 414 2824 ut
445 2796 492 2825 eo
520 2784 623 2824 nihil
652 2783 783 2824 ferme
813 2785 1024 2834 quisquam
1054 2783 1209 2823 addere
1238 2784 1433 2833 potuerit,
1463 2784 1540 2823 nisi
1570 2785 1639 2833 qui
1668 2796 1692 2824 a
1720 2784 1987 2835 philosophia,
2018 2795 2043 2823 a
2066 2784 2163 2834 jure
2191 2783 2311 2832 civili,
2340 2783 2392 2823 ab
2420 2783 2502 2824 his-

241 2849 347 2889 toria
376 2847 503 2889 fuerit
531 2848 783 2889 instructior.
842 2848 929 2896 Quo
965 2847 1071 2888 facto
1101 2846 1244 2888 Cicero
1272 2858 1297 2886 a
1325 2846 1455 2888 Bruto
1492 2849 1787 2899 interrogatus,
1823 2851 1962 2888 utrum
1996 2846 2160 2888 iuturus
2189 2850 2310 2897 esset,
2338 2858 2392 2888 an
2415 2846 2503 2897 jam

244 2916 352 2952 esset
382 2912 473 2960 iste,
504 2923 625 2963 quem
657 2915 931 2963 exspectaret,
963 2912 1068 2950 scire
1097 2922 1141 2950 se
1170 2914 1305 2960 negat.
1362 2910 1448 2950 Hoc
1477 2916 1615 2951 autem
1644 2912 1733 2951 loco
1761 2910 1998 2951 Ciceronem
2026 2914 2175 2961 putare
2204 2922 2250 2951 se
2272 2911 2358 2961 =iam
2387 2910 2501 2949 illum

242 2981 446 3017 oratorem
484 2989 593 3025 esse,
632 2977 701 3026 qui
730 2976 917 3017 omnibus
952 2977 992 3016 in
1028 2975 1152 3015 rebus
1180 2974 1390 3024 perfectus
1419 2976 1489 3023 sit,
1528 2976 1788 3025 perspicuum
1817 2978 1892 3015 est.
1948 2974 2034 3015 Nec
2061 2975 2193 3017 minus
2221 2976 2410 3026 apertum
2439 2976 2517 3014 est⁴

243 3039 479 3080 Ciceronem
524 3052 567 3081 se
610 3041 742 3091 ipsum
780 3039 1009 3091 significare
1044 3039 1106 3079 his
1140 3038 1294 3078 verbis:
1339 3039 1457 3089 „plus
1495 3040 1602 3079 enini
1639 3043 1753 3079 certe
1788 3039 1929 3079 attulit
1964 3039 2057 3080 huic
2091 3039 2241 3091 populo
2276 3036 2515 3088 dignitatis„
